1621 2718
417 169 588 207 LIBER
622 169 760 207 XXII.
816 169 932 208 CAP.
962 170 1093 209 LVII.
1356 175 1408 214 67

105 280 195 320 ulla
214 281 260 319 in
280 279 356 319 illa
375 281 626 332 tempestate
646 281 838 318 matrona
850 292 993 332 expers
1010 279 1149 320 luctfis
1170 281 1320 320 fuerat.
1368 283 1409 323 5.

107 338 272 390 Itaque,
291 349 346 376 ne
366 336 419 376 ob
438 336 614 376 eandem
635 349 801 376 causam
822 337 906 376 alia
925 350 1090 390 quoque
1111 351 1225 377 sacra
1241 339 1410 390 publica

103 398 184 435 aut
194 395 358 447 privata
369 393 669 443 desererentur,
685 396 852 433 senatus
868 394 1058 434 consulto
1071 395 1218 435 diebus
1230 396 1412 448 triginta

106 451 245 492 luctus
284 455 349 491 est
388 450 547 490 finitus.
611 451 648 491 6.
701 450 897 491 Ceterum
937 465 1082 504 quum,
1116 452 1258 492 sedato
1294 453 1411 493 urbis

106 509 311 558 tumultu,
333 509 517 548 revocati
539 509 583 547 in
606 509 766 547 curiam
786 513 924 561 patres
953 514 1103 559 essent,
1125 509 1219 550 aliae
1239 510 1410 563 insuper

105 580 159 606 ex
180 566 329 606 Sicilia
349 565 483 605 literae
504 565 655 605 adlatae
676 569 775 605 sunt
794 566 846 605 ab
867 567 914 606 T.
934 565 1116 606 Otacilio
1137 571 1412 620 propraetore3

108 623 303 676 Regnum
311 623 508 662 Hieronis
518 623 645 663 classe
658 623 820 662 Punica
827 624 999 671 vastari3
1024 626 1062 664 7.
1073 626 1140 663 cui
1151 638 1282 677 quum
1292 637 1414 677 opem

108 681 342 733 inploranti
361 680 467 720 ferre
483 680 623 729 vellet,
640 681 886 719 nuntiatum
901 680 982 719 sibi
997 694 1081 720 esse
1095 682 1223 721 aliam
1239 681 1411 722 classem

109 738 162 777 ad
182 737 356 790 AEgates
377 737 533 776 insulas
554 741 662 776 stare
683 741 874 790 paratam
895 738 1242 791 instructamque,
1281 741 1318 777 8.
1351 742 1414 788 ut,

108 795 183 834 ubi
218 808 260 834 se
294 808 458 834 versum
493 794 546 833 ad
582 795 781 834 tuendam
817 794 1118 846 Syracusanam
1148 809 1263 835 oram
1293 796 1416 835 Poeni

108 853 345 900 sensissent,
378 851 613 904 Lilybaeum
654 851 866 904 extemplo
906 853 1248 906 provinciamque
1288 853 1415 893 aliam

88 941 92 944 .
110 909 343 949 Romanam
377 909 728 962 adgrederentur:
771 909 915 961 itaque
948 909 1076 949 classe
1110 923 1213 963 opus
1245 924 1344 960 esse,
1381 911 1416 950 si

109 979 251 1020 regem
273 968 432 1006 socium
455 966 728 1018 Siciliamque
749 968 860 1006 tueri
882 966 1055 1007 vellent.

547 1157 812 1198 CHAPTER
844 1158 981 1197 LVII.

111 1249 159 1281 M.
176 1247 342 1285 Claudius,
360 1246 587 1287 commanding
603 1246 655 1277 the
672 1247 746 1277 fleet
762 1251 794 1277 at
812 1247 914 1282 Ostia,
931 1246 1065 1278 ordered
1090 1251 1124 1278 to
1139 1247 1274 1288 procced
1300 1252 1334 1278 to
1356 1247 1417 1279 Ca-

154 1291 293 1328 nusium,
309 1291 375 1321 and
399 1300 527 1321 assume
553 1289 720 1320 command
744 1290 781 1320 of
800 1290 855 1320 the
881 1289 992 1321 forces.
1047 1290 1150 1321 Varro
1174 1290 1362 1321 summoned
1384 1294 1419 1322 to

154 1333 267 1365 Rome.
305 1333 381 1364 Two
396 1333 459 1364 Ves
463 1333 508 1364 tal
520 1333 652 1373 Virgins
668 1331 785 1363 violate
801 1332 885 1363 their
895 1343 965 1364 vow
981 1332 1018 1363 of
1029 1332 1179 1373 chastity.
1220 1333 1288 1364 One
1303 1333 1418 1366 buried

154 1377 258 1414 alive;
274 1376 329 1408 the
344 1376 438 1407 other
452 1375 600 1407 commits
615 1386 648 1406 se
634 1376 690 1405 olf-
693 1375 747 1406 des
734 1375 899 1406 struction.
944 1375 980 1406 L.
995 1376 1165 1413 Cantilius,
1175 1375 1230 1407 the
1246 1387 1420 1418 par-amour

154 1420 192 1452 of
211 1430 271 1451 one
285 1420 322 1451 of
341 1419 439 1456 them,
457 1418 609 1458 scourged
625 1423 658 1449 to
673 1418 781 1449 death.
840 1418 1026 1450 Decemvlrs
1043 1419 1167 1459 inspcct
1182 1419 1237 1450 the
1260 1419 1420 1452 Sibxlline

155 1463 267 1494 books.
333 1462 372 1497 Q.
398 1462 519 1493 Fabius
542 1462 653 1492 Pictor
679 1466 752 1492 sent
778 1466 811 1493 to
836 1462 963 1493 consult
994 1462 1050 1493 the
1075 1462 1190 1493 oraclo
1225 1467 1261 1493 at
1286 1454 1326 1493 D}
1328 1463 1346 1493 l
1352 1462 1417 1503 phi.

156 1506 290 1538 Humnn
306 1505 444 1536 victims
468 1505 513 1536 M.
532 1504 715 1536 Claudiuss
702 1511 765 1535 sets
781 1510 838 1535 out
850 1505 900 1535 sor
912 1505 1096 1542 Canusium,
1111 1506 1196 1536 aster
1208 1474 1372 1546 sendingp
1359 1516 1419 1537 one

155 1548 319 1581 thousand
335 1549 397 1579 five
411 1547 558 1579 hundred
574 1559 645 1578 men
662 1552 696 1578 to
711 1547 826 1579 defend
849 1548 903 1578 the
919 1548 993 1588 city.
1047 1530 1115 1579 Tlie
1143 1549 1258 1579 Senate
1284 1549 1420 1589 nppoint

156 1593 205 1624 M.
221 1592 243 1623 J
245 1591 340 1623 unius
355 1591 515 1628 Dictator,
531 1591 595 1621 and
610 1591 646 1621 T.
660 1591 867 1631 Sempronius
884 1591 1009 1622 Master
1024 1592 1060 1622 of
1073 1591 1126 1622 the
1138 1591 1250 1622 Horse.
1297 1592 1420 1632 'rroops

157 1634 306 1666 culisted.
351 1634 453 1675 Eight
469 1634 630 1665 thousand
643 1634 750 1665 slaves
764 1633 939 1674 purchased
957 1634 1020 1664 and
1037 1634 1264 1665 amech—nc.
1282 1636 1353 1666 216.

208 1714 244 1751 1.
277 1711 448 1751 LITERIS
479 1710 661 1750 consulis
691 1711 963 1763 praetorisque
1003 1711 1139 1759 lectis,
1171 1716 1421 1751 censuerrmt,

117 1770 180 1809 M.
217 1768 453 1817 Claudium,
486 1769 559 1821 qui
593 1768 712 1807 classi
745 1768 797 1807 ad
839 1767 1003 1808 Ostiam
1042 1769 1173 1808 stanti
1214 1772 1420 1821 praeesset,

118 1827 347 1868 Canusium
387 1827 440 1865 ad
480 1826 710 1865 exercitum
759 1826 1031 1874 mittendum,
1073 1826 1420 1879 scribendumque

117 1883 294 1932 consuli,
315 1887 378 1932 ut,
399 1896 530 1936 quum
551 1883 720 1935 praetori
750 1884 980 1922 exercitum
1010 1883 1264 1933 tradidisset,
1286 1885 1422 1936 primo

115 1955 284 1994 quoque
315 1944 518 1994 tempore,
545 1943 752 1992 quantum
783 1954 855 1992 per
876 1941 1141 1980 commodum
1162 1942 1222 1980 rei
1242 1941 1423 1993 publicae

120 1999 210 2038 fieri
243 2003 381 2051 posset
422 1998 599 2037 Romam
631 1998 808 2037 veniret.
878 2000 916 2036 2.
948 1998 1103 2037 Territi
1139 1999 1270 2037 etiam
1301 2012 1424 2051 super

119 2059 261 2096 tantas
293 2055 430 2094 clades
464 2068 596 2107 quum
631 2056 780 2094 ceteris
816 2055 1034 2107 prodigiis,
1056 2059 1149 2094 tum
1185 2056 1298 2108 quod
1331 2056 1424 2095 duae

120 2111 309 2153 Vestales
344 2126 392 2152 eo
424 2125 547 2161 anno,
579 2111 749 2165 Opimia
776 2116 903 2164 atque
923 2112 1135 2159 Floronia,
1157 2113 1291 2165 stupri
1313 2126 1425 2152 com-

120 2174 265 2223 pertae,
300 2172 345 2209 et
382 2169 515 2209 altera
550 2169 626 2209 sub
666 2174 791 2218 terra,
826 2170 892 2208 uti
932 2183 1021 2209 mos
1054 2173 1130 2218 est,
1172 2170 1224 2209 ad
1260 2174 1424 2222 portam

124 2227 334 2268 Collinam
369 2230 517 2267 necata
555 2227 706 2275 fuerat,
742 2227 874 2266 altera
913 2227 1086 2266 sibimet
1118 2228 1208 2279 ipsa
1246 2231 1426 2267 mortem

119 2285 392 2324 consciverat.
455 2286 494 2324 3.
541 2283 589 2323 L.
633 2283 856 2331 Cantilius,
887 2283 1022 2323 scriba
1056 2284 1283 2337 pontificiS,
1324 2298 1427 2337 quos

121 2355 234 2381 nunc
268 2342 450 2381 minores
482 2341 702 2394 pontifices
723 2341 953 2394 adpellant,
989 2342 1063 2394 qui
1099 2355 1195 2381 cum
1228 2342 1428 2382 Floronia

119 2407 316 2452 stuprum
337 2399 505 2449 fecerat,
526 2412 551 2438 a
571 2398 772 2452 pontifice
796 2399 980 2438 maximo
1008 2412 1057 2439 eo
1078 2413 1208 2452 usque
1230 2400 1361 2452 virgis
1382 2400 1425 2438 in

119 2457 297 2496 comitio
319 2470 446 2497 caesus
463 2459 567 2502 erat,
588 2459 638 2495 ut
658 2456 772 2495 inter
787 2456 959 2496 verbera
978 2457 1220 2510 exspiraret.
1262 2462 1303 2497 4.
1334 2457 1429 2497 Hoc
