1621 2718
213 223 262 259 46
499 221 614 258 ΤΙΤΙ
650 221 786 259 LIVII
823 221 1215 260 HISTORIARUM

213 334 366 380 torum,
397 333 543 384 aptam
575 344 748 370 manum
788 331 982 371 adversus
1021 331 1207 372 Baliares
1256 346 1304 372 ac
1344 333 1519 374 Mauros

213 401 505 441 pugnacesque
525 388 627 427 alias
659 387 810 426 missili
842 388 927 427 telo
959 392 1119 441 gentes.
1182 391 1220 429 9.
1252 389 1318 429 Ad
1338 403 1387 429 ea
1407 390 1518 431 dona

213 445 437 485 consilium
472 459 638 497 quoque
673 445 898 492 addebant,
919 448 969 484 ut
1001 449 1167 498 praetor,
1199 447 1267 486 cui
1299 447 1517 500 provincia

213 502 361 542 Sicilia
388 503 609 550 evenisset,
637 501 808 541 classem
836 503 882 540 in
915 502 1102 542 Africam
1136 502 1363 555 trajiceret,
1392 507 1440 543 ut
1472 507 1517 543 et

212 560 353 598 hostes
388 560 434 598 in
466 562 580 598 terra
612 563 687 598 sua
718 558 876 598 bellum
912 559 1130 608 haberent,
1151 561 1373 613 minusque
1403 560 1516 600 laxa-

212 618 347 655 menti
381 616 550 655 daretur
582 617 636 656 iis
669 616 722 655 ad
756 616 914 655 auxilia
946 616 1179 656 Hannibali
1212 617 1515 657 submittenda.

217 675 281 712 10.
313 673 378 713 Ab
399 676 548 713 senatu
578 674 640 713 ita
671 687 913 725 responsum
934 675 1023 727 regi
1055 677 1142 714 est:
1183 674 1335 714 Virum
1355 675 1514 714 bonum

212 732 515 783 egregiumque
540 732 700 771 socium
732 731 961 770 Hieronem
983 745 1083 780 esse,
1104 735 1231 784 atque
1251 745 1335 771 uno
1355 734 1516 781 tenore,

211 801 264 827 ex
299 801 380 840 quo
414 789 459 827 in
495 789 730 828 amicitiam
770 788 917 841 populi
958 788 1139 828 Romani
1171 790 1351 838 venerit,
1387 789 1515 829 fidem

213 845 404 895 coluisse,
436 859 484 885 ac
516 859 606 886 rem
647 846 882 885 Romanam
923 848 1039 885 omni
1085 849 1277 899 tempore
1327 860 1375 886 ac
1424 846 1517 886 loco

211 903 411 942 munifice
432 903 653 955 adjuvisse.
702 905 766 943 11.
799 903 864 950 Id,
878 903 1051 955 perinde
1072 917 1120 942 ac
1140 904 1324 953 deberet,
1345 907 1513 956 gratum

210 960 366 1012 populo
384 960 571 1000 Romano
593 974 693 999 esse.
733 961 894 999 Aurum
908 964 951 999 et
963 974 987 999 a
1004 961 1250 1000 civitatibus
1264 960 1516 1013 quibusdam

211 1017 417 1066 adlatum,
452 1018 591 1069 gratia
623 1019 683 1056 rei
716 1021 899 1069 accepta,
931 1030 1015 1056 non
1055 1018 1260 1070 accepisse
1311 1018 1515 1070 populum

210 1074 474 1121 Romanum3
510 1077 575 1113 12.
596 1075 829 1114 Victoriam
844 1088 1051 1127 omenque
1071 1076 1273 1127 accipere,
1294 1075 1517 1127 sedemque

211 1132 251 1170 ei
293 1144 335 1170 se
377 1131 485 1171 divae
525 1132 623 1171 dare
664 1132 802 1171 dicare
843 1131 1116 1184 Capitolium,
1152 1132 1362 1184 templum
1397 1132 1517 1172 Jovis

210 1189 364 1241 optimi
385 1190 576 1228 maximi.
638 1190 690 1228 In
724 1194 773 1229 ea
808 1202 900 1228 arce
931 1189 1048 1229 urbis
1069 1190 1270 1229 Romanae
1297 1193 1517 1239 sacratam,

211 1246 422 1285 volentem
443 1247 768 1299 propitiamque,
786 1246 950 1286 firmam
971 1260 1019 1286 ac
1035 1247 1233 1287 stabilem
1254 1247 1340 1286 fore
1361 1247 1516 1300 populo

212 1303 413 1343 Romano.
479 1307 544 1343 13.
577 1304 831 1343 Funditores
853 1305 1148 1357 sagittariique
1180 1309 1223 1344 et
1254 1305 1516 1344 frumentum

213 1361 416 1400 traditum
438 1361 688 1400 consulibus.
733 1361 1059 1413 Quinqueremes
1073 1363 1126 1401 ad
1142 1363 1314 1401 navium
1331 1362 1518 1410 classem,

210 1432 300 1471 quae
322 1432 417 1458 cum
439 1419 486 1458 T.
511 1418 692 1459 Otacilio
713 1422 965 1471 propraetore
978 1420 1023 1458 in
1038 1419 1186 1460 Sicilia
1206 1421 1310 1468 erat,
1331 1419 1518 1471 quinque

210 1479 254 1515 et
275 1477 432 1528 viginti
451 1476 608 1516 additae
625 1490 635 1524 3
666 1477 999 1529 permissumque
1020 1482 1096 1526 est,
1110 1481 1172 1526 ut,
1187 1478 1223 1516 si
1236 1490 1258 1516 e
1280 1489 1324 1516 re
1344 1475 1512 1529 publica

208 1538 398 1573 censeret
418 1546 517 1582 esse,
539 1534 585 1573 in
607 1534 793 1573 Africam
815 1534 1041 1586 trajiceret.

588 1723 775 1764 CHAPT
780 1723 854 1762 ER
897 1723 1150 1763 XXXVIII.

205 1813 301 1844 After
317 1813 372 1843 the
388 1813 460 1853 lex-y
476 1813 530 1843 the
546 1812 672 1843 Roman
691 1812 827 1843 soldiers
843 1822 898 1843 are
915 1812 964 1842 for
979 1812 1033 1842 the
1047 1812 1118 1842 first
1128 1810 1207 1842 time
1220 1810 1329 1842 bound
1338 1811 1382 1852 by
1394 1811 1472 1843 oath
1484 1816 1519 1843 ω

249 1857 409 1887 assemble
425 1862 459 1886 at
474 1855 531 1887 the
546 1855 715 1887 command
738 1856 774 1885 of
794 1855 849 1886 the
866 1855 1012 1891 Consuls,
1030 1854 1095 1885 and
1110 1860 1168 1886 not
1183 1858 1217 1885 to
1244 1854 1359 1896 depart
1381 1854 1519 1886 without

249 1899 369 1930 orders.
416 1899 541 1929 Nature
557 1899 594 1930 of
612 1898 666 1929 the
682 1903 864 1939 agreement
877 1897 969 1928 made
981 1898 1136 1938 formerly
1147 1903 1296 1938 amongst
1310 1897 1517 1929 themselves.

250 1942 378 1973 Tenour
393 1942 430 1973 of
451 1941 506 1972 the
521 1952 696 1972 numerous
720 1941 901 1981 harangues
918 1942 953 1971 of
973 1941 1085 1977 Varro,
1102 1940 1167 1972 and
1191 1940 1246 1971 the
1272 1940 1376 1981 single
1401 1950 1462 1972 one
1484 1940 1521 1972 of

248 1985 501 2016 Paullus—nc.
519 1987 590 2016 216.

297 2065 330 2102 1.
361 2063 556 2102 DELECTU
589 2062 791 2115 perfecto,
813 2060 1003 2100 consules
1036 2074 1189 2114 paucos
1223 2062 1376 2100 morati
1412 2061 1515 2110 dies,

207 2121 309 2161 dum
349 2121 450 2160 socii
498 2119 551 2159 ab
596 2120 767 2159 nomine
816 2119 970 2158 Latino
1011 2119 1216 2158 venirent.
1281 2121 1318 2157 2.
1351 2118 1517 2158 Milites

206 2182 322 2228 tunc,
344 2178 457 2230 quod
485 2190 702 2230 nunquam
742 2180 867 2216 antea
892 2177 1052 2216 factum
1082 2180 1186 2224 erat,
1203 2176 1299 2228 jure
1330 2175 1514 2228 jurando

204 2236 258 2275 ab
303 2236 486 2275 tribunis
532 2235 723 2274 militum
775 2234 929 2282 adacti,
976 2234 1095 2287 jussu
1147 2233 1364 2273 consulum
1416 2247 1514 2273 con-

206 2296 403 2333 venturos
454 2306 590 2345 neque
635 2291 799 2345 injussu
840 2292 1040 2331 abituros.
1104 2294 1142 2331 3.
1175 2291 1284 2330 Nam
1327 2291 1380 2330 ad
1420 2304 1511 2330 eam

206 2352 318 2391 diem
360 2350 469 2389 nihil
510 2354 662 2403 praeter
704 2354 1012 2388 sacramentum
1054 2349 1220 2397 fuerat;
1261 2352 1318 2397 et,
1349 2348 1421 2387 ubi
1459 2348 1511 2387 ad

203 2410 467 2449 decuriatum
500 2413 575 2447 aut
608 2408 894 2447 centuriatum
924 2407 1230 2453 convenissent,
1259 2410 1333 2445 sua
1364 2405 1511 2445 volun-

205 2472 292 2507 tate
314 2467 394 2519 ipsi
418 2467 530 2505 inter
551 2480 638 2505 sese
660 2465 864 2504 decuriati
887 2466 1064 2517 equiteS,
1081 2464 1308 2503 centuriati
1331 2462 1512 2516 pedites,

202 2525 493 2576 conjurabant,
531 2527 570 2563 4.
605 2537 689 2562 sese
724 2523 832 2573 fugin
866 2527 992 2574 atque
1027 2521 1263 2561 formidinis
1295 2520 1392 2573 ergo
1426 2534 1509 2559 non
