1621 2718
180 218 227 254 14
464 216 576 253 ΤΙΤΙ
613 216 754 253 LIVII
791 216 1185 254 HISTORIARUM

178 327 393 376 trecentis,
429 326 578 364 multis
608 325 704 365 aliis
734 326 843 364 divis
876 326 1012 365 bubus
1042 326 1148 365 albis
1177 329 1304 378 atque
1336 327 1486 366 ceteris

180 384 341 423 hostiis.
406 386 444 422 8.
476 383 598 422 Votis
629 383 710 422 rite
740 383 995 434 nuncupatis
1025 384 1278 436 supplicatio
1320 384 1486 431 edicta;

181 441 548 493 supplicatumque
590 441 675 479 iere
716 453 813 478 cum
854 439 1105 491 conjugibus
1146 454 1194 479 ac
1228 440 1373 480 liberis
1403 453 1488 479 non

182 499 340 537 urbana
372 497 608 536 multitudo
630 498 815 543 tantum,
847 496 918 535 sed
951 498 1184 548 agrestium
1217 498 1364 545 etiam‚
1384 510 1489 549 quos

182 557 226 594 in
248 556 393 607 aliqua
414 559 486 593 sua
507 554 676 592 fortuna
697 553 869 606 publica
890 566 1057 605 quoque
1079 554 1355 605 contingebat
1376 567 1488 593 cura.

183 615 221 652 9.
254 613 365 650 Tum
385 611 696 650 lectisternium
718 624 791 663 per
807 611 999 650 triduum
1016 611 1225 660 habitum,
1243 611 1490 650 decemviris

182 682 392 709 sacrorum
429 668 687 707 curantibus.
770 668 850 708 Sex
890 668 1130 720 pulvinaria
1179 669 1225 707 in
1266 671 1492 720 conspectu

183 728 380 765 fuerunt:
413 726 512 765 Jovi
545 739 594 764 ac
624 725 784 765 Junoni
817 739 963 773 unum,
993 725 1175 765 alterum
1207 726 1408 778 Neptuno
1445 739 1493 764 ac

187 784 389 823 Minervae
408 799 417 831 3
449 784 626 822 tertium
647 783 780 822 Marti
802 796 850 821 ac
870 783 1049 831 Veneri3
1081 786 1282 835 quartum
1304 782 1494 835 Apollini

184 855 232 880 ac
253 841 426 888 Dianae3
460 841 659 892 quintum
680 840 870 879 Vulcano
902 854 950 879 ac
970 840 1131 887 Vestae3
1165 844 1330 879 sextum
1353 840 1493 878 Merc-

187 899 275 937 urio
308 902 351 937 et
373 897 526 937 Cereri.
593 900 657 936 lO.
691 898 799 936 Tum
827 898 935 936 aedes
955 902 1077 937 votae.
1122 898 1279 936 Veneri
1301 898 1494 949 Erycinae

187 956 317 995 aedem
341 955 387 1002 Q.
411 955 567 994 Fabius
604 955 818 993 Maximus
849 955 1032 994 dictator
1053 955 1184 1003 vovit,
1221 955 1323 1007 quia
1349 955 1412 993 ita
1443 965 1496 992 ex

188 1013 384 1051 fatalibus
405 1013 524 1051 libris
545 1012 709 1050 editum
731 1015 930 1050 erat—ut
950 1013 985 1050 is
1006 1016 1191 1060 voveret,
1211 1012 1330 1064 cujus
1362 1012 1497 1050 maxi-

190 1084 302 1108 mum
344 1070 575 1122 imperium
609 1070 653 1107 in
700 1070 875 1108 civitate
923 1072 1042 1108 esset.
1104 1069 1245 1108 Menti
1293 1069 1426 1108 aedem
1447 1069 1496 1107 T.

188 1127 394 1167 Otacilius
416 1131 569 1178 praetor
590 1127 709 1166 vovit

654 1305 919 1346 CHAPTER
956 1307 1033 1345 Xl.

193 1396 304 1426 Forces
321 1395 469 1435 assigned
486 1399 519 1426 to
548 1395 680 1425 Fabius.
739 1395 860 1425 Fabius
877 1395 987 1426 orders
1004 1396 1059 1426 the
1077 1395 1282 1427 inhabitants
1297 1397 1334 1427 of
1347 1396 1403 1427 the
1419 1407 1501 1437 open

233 1443 367 1478 country
382 1438 527 1478 through
544 1438 649 1468 which
667 1438 835 1468 Hannibal
859 1438 887 1469 is
904 1439 1003 1469 about
1019 1443 1052 1469 to
1069 1439 1188 1476 march,
1207 1444 1240 1469 to
1263 1438 1398 1480 destroy
1414 1439 1502 1470 their

234 1493 336 1522 crops,
349 1481 413 1512 and
426 1485 459 1512 to
471 1485 593 1512 retreat
605 1487 637 1512 to
648 1482 755 1521 places
767 1482 802 1511 of
812 1482 927 1522 safety.
946 1482 1013 1513 The
1028 1482 1147 1513 Consul
1162 1482 1317 1513 Servilius
1328 1483 1456 1521 coming
1469 1489 1502 1513 to

233 1530 319 1555 meet
333 1525 389 1555 the
401 1524 551 1555 Dictator
567 1524 595 1554 is
612 1524 746 1555 ordered
762 1529 796 1555 to
812 1525 974 1565 approach
990 1525 1129 1556 without
1144 1525 1270 1556 Fasces.
1326 1525 1416 1566 Deep
1442 1526 1501 1556 im-

234 1568 381 1609 pression
398 1568 519 1608 hereby
534 1567 627 1598 made
654 1578 695 1598 on
712 1568 767 1598 the
784 1568 919 1598 soldiers
936 1569 972 1599 of
991 1568 1047 1599 the
1063 1568 1193 1609 dignity
1209 1569 1245 1599 of
1263 1568 1319 1599 the
1342 1568 1503 1600 Dictator-

234 1611 318 1652 ship.
364 1610 491 1642 Roman
509 1616 693 1652 t-ransports
709 1611 858 1651 carrying
884 1611 1027 1652 supplies
1044 1616 1076 1642 to
1093 1612 1191 1652 Spain
1207 1612 1363 1652 captured
1388 1612 1432 1652 by
1448 1612 1502 1643 the

235 1654 469 1694 Carthaginian
486 1654 585 1685 Flect.
633 1654 702 1684 The
720 1654 839 1684 Consul
857 1655 990 1685 ordered
1007 1659 1040 1685 to
1054 1655 1185 1685 embark
1202 1660 1236 1685 at
1253 1655 1354 1691 Ostia,
1372 1660 1405 1686 to
1429 1665 1502 1695 pur-

235 1708 290 1728 sue
306 1697 513 1774 t2hle7Enemy,
531 1697 595 1727 and
612 1701 644 1727 to
660 1701 787 1737 protect
802 1697 857 1727 the
873 1702 963 1728 coast
988 1699 1024 1728 of
1044 1698 1142 1738 Italy.
1188 1697 1277 1738 Levy
1294 1703 1327 1728 at
1348 1698 1503 1729 Rome.—

234 1751 295 1772 nc.
379 1764 386 1772 .

284 1820 319 1856 l.
353 1818 425 1857 ΙΤΑ
448 1817 570 1856 rebus
590 1817 747 1856 divinis
767 1818 963 1869 peractis,
986 1821 1078 1855 tum
1102 1817 1152 1856 de
1174 1817 1285 1856 bello
1307 1830 1433 1870 reque
1455 1817 1505 1856 de

193 1875 364 1928 publica
380 1875 563 1914 dictator
581 1874 743 1923 retulit,
760 1875 913 1926 quibus
927 1878 1083 1926 quotve
1100 1875 1340 1927 legionibus
1354 1875 1503 1915 victori

195 1933 305 1972 hosti
329 1933 496 1972 obviam
518 1932 704 1971 eundum
727 1945 812 1971 esse
834 1936 973 1984 patres
995 1936 1223 1971 censerent.
1283 1934 1320 1971 2.
1354 1932 1507 1971 Decre-

194 1995 302 2039 tum,
325 1993 373 2029 ut
404 1990 457 2028 ab
487 1989 560 2029 Cn.
585 1990 764 2029 Servilio
802 1989 969 2028 consule
1004 1991 1238 2028 exercitum
1270 1990 1506 2042 acciperet3

195 2049 397 2087 scriberet
409 2050 612 2100 praeterea
626 2061 677 2086 ex
692 2047 855 2086 civibus
870 2048 1075 2099 sociisque
1093 2051 1301 2099 quantum
1315 2048 1507 2099 equitum

197 2120 243 2145 ac
264 2106 461 2158 peditum
481 2105 696 2144 videretur
713 2119 723 2152 3
756 2108 893 2144 cetera
915 2106 1056 2144 omnia
1084 2108 1231 2157 ageret
1252 2105 1509 2157 faceretque,

196 2167 246 2202 ut
266 2177 288 2202 e
309 2176 352 2202 re
374 2163 547 2216 publica
566 2163 751 2202 duceret.
806 2165 843 2201 3.
868 2162 1025 2202 Fabius
1052 2163 1153 2201 duas
1165 2163 1354 2215 legiones
1376 2175 1418 2202 se
1438 2163 1508 2202 ad-

191 2221 408 2274 jecturum
432 2221 482 2260 ad
509 2220 794 2260 Servilianum
821 2221 1053 2260 exercitum
1082 2221 1206 2259 dixit.
1269 2222 1308 2259 4.
1333 2220 1414 2260 His
1436 2234 1508 2273 per

198 2279 447 2331 magistrum
457 2279 650 2330 equitum
661 2278 828 2330 scriptis
841 2278 972 2317 Tibur
982 2279 1094 2317 diem
1109 2278 1161 2317 ad
1176 2277 1509 2317 conveniendum

198 2336 358 2383 edixit3
389 2336 613 2388 edictoque
644 2337 872 2388 proposito,
895 2339 943 2375 ut
973 2336 1125 2388 quibus
1147 2336 1301 2388 oppida
1322 2335 1513 2375 castella-

199 2407 281 2445 que
303 2394 532 2432 immunita
552 2398 704 2442 essent,
733 2397 782 2433 vlt
804 2394 836 2433 ii
858 2395 1184 2445 commigrarent
1209 2395 1253 2432 in
1282 2393 1373 2433 loca
1392 2396 1512 2435 tuta:

201 2465 251 2490 ex
281 2452 392 2503 agris
414 2464 580 2503 quoque
602 2451 887 2503 demigrarent
915 2464 1058 2490 omnes
1082 2451 1266 2504 regionis
1295 2450 1398 2503 ejus,
1429 2455 1514 2502 quii.

200 2510 336 2547 iturus
353 2509 567 2548 Hannibal
583 2512 702 2556 essct,
736 2510 774 2547 5.
797 2509 923 2548 tectis
937 2509 1053 2561 prius
1067 2509 1247 2549 incensis
1261 2522 1308 2547 ac
1322 2508 1514 2561 frugibus
