1621 2718
134 169 161 210 8
439 173 550 210 ΤΙΤΙ
585 173 723 211 LIVII
759 172 1154 211 HISTORIARUM

608 371 876 412 CHAPTER
913 371 985 410 VI.

141 464 235 495 After
246 463 301 494 the
309 463 412 493 battle
419 462 479 493 has
489 461 594 492 lasted
606 461 657 492 for
664 460 754 491 three
764 460 873 496 hours,
885 459 1067 490 Flaminius
1079 459 1108 490 is
1116 460 1218 491 killed
1229 461 1274 501 by
1280 461 1450 500 Ducarius,

183 517 225 537 an
241 505 419 537 Insubrian
436 504 530 536 Gaul.
577 504 646 535 The
662 503 805 534 Romans
821 503 888 533 fiee.
935 502 991 533 Six
1007 503 1171 534 thousand
1193 504 1230 534 of
1249 504 1337 535 them
1364 505 1451 535 force

183 549 269 580 their
284 559 355 589 way
371 547 511 587 through
528 547 584 577 the
610 546 743 586 Enemy,
761 545 826 576 and
842 545 915 576 halt
930 556 970 576 on
998 545 1103 586 rising
1125 546 1261 585 ground,
1278 547 1392 584 which,
1408 557 1451 578 on

183 593 238 624 the
263 592 358 622 mists
386 591 529 630 clearing
552 600 654 629 away,
680 589 758 629 they
773 589 865 619 leave
891 588 923 619 in
952 589 1055 620 haste.
1112 589 1287 620 Maharbal
1313 600 1449 630 pursues

183 635 272 666 them
288 633 488 673 throughout
502 633 559 663 the
575 632 678 672 night.
726 632 775 662 On
793 631 848 662 the
874 631 1040 672 following
1064 631 1126 672 day
1142 632 1221 672 they
1236 643 1291 663 are
1315 632 1451 664 induced

184 683 218 709 to
235 677 407 708 surrender
430 677 474 717 by
498 687 518 706 a
544 675 693 716 promise,
711 674 816 705 which
845 675 990 706 however
1017 675 1046 707 is
1073 680 1129 706 not
1156 675 1244 717 kept.
1290 675 1383 717 They
1396 686 1453 707 are

184 721 311 751 thrown
332 720 402 751 into
417 719 647 751 chains-rm.
665 720 738 752 217.

233 801 269 838 1.
301 799 412 838 TREs
432 798 563 837 ferme
577 797 698 836 horas
715 799 951 849 pugnatum
965 800 1041 845 est,
1060 801 1103 836 et
1125 797 1280 850 ubique
1302 798 1452 837 atroci-

145 861 219 896 ter.
259 856 379 897 Circa
392 855 607 895 consulem
620 858 765 893 tamen
777 855 911 893 acrior
923 855 1199 907 infestiorque
1216 868 1357 907 pugna
1377 858 1453 894 est.

145 917 182 953 2.
217 915 328 953 Eum
360 917 403 953 et
434 913 582 952 robora
615 913 802 951 virorum
834 912 1127 964 sequebantur,
1151 915 1195 951 et
1224 913 1328 964 ipse,
1350 917 1455 964 qua-

144 985 324 1024 cumque
355 972 400 1009 in
429 973 548 1023 parte
580 969 711 1022 premi
746 981 794 1007 ac
824 969 1012 1007 laborare
1034 972 1218 1009 senserat
1238 983 1344 1018 suos,
1373 971 1452 1008 im-

144 1030 263 1082 pigre
294 1028 457 1068 ferebat
493 1040 642 1079 opem3
683 1029 720 1065 3.
753 1027 1048 1078 insignemque
1083 1027 1211 1065 armis
1243 1030 1285 1065 et
1316 1027 1455 1066 hostes

143 1091 309 1126 summa
329 1087 373 1124 vi
402 1084 605 1138 petebant
636 1087 680 1123 et
709 1084 937 1122 tuebantur
969 1084 1094 1132 cives,
1117 1084 1249 1123 donec
1281 1084 1455 1123 Insuber

143 1143 511 1196 eques—Ducario
551 1154 705 1180 nomen
746 1140 1002 1180 erat—facie
1042 1154 1207 1193 quoque
1247 1142 1456 1180 noscitans

144 1201 370 1249 consulem,
388 1198 689 1251 “En,'’inquit,
707 1202 732 1223 ‘⁶
749 1198 819 1237 hic
836 1197 934 1246 est,’'
951 1198 1221 1251 popularibus
1238 1200 1336 1247 suis,
1351 1199 1455 1250 “qui

145 1259 330 1311 legiones
352 1260 513 1297 nostras
535 1257 702 1305 cecidit,
724 1269 927 1308 agrosque
949 1259 993 1295 et
1014 1256 1162 1295 urbem
1176 1260 1239 1295 est
1255 1256 1455 1309 depopul-

144 1315 266 1356 atus!
293 1316 386 1368 jam
418 1328 495 1367 ego
527 1315 636 1353 hanc
657 1314 879 1352 victimam
911 1313 1110 1352 Manibus
1142 1318 1457 1366 peremptorum

143 1374 254 1414 foede
287 1374 446 1412 civium
482 1370 652 1419 dabo;'’
693 1374 733 1410 4.
777 1371 1039 1423 subditisque
1075 1371 1305 1411 calcaribus
1339 1385 1458 1423 equo,

144 1446 217 1485 per
258 1430 610 1470 confertissimam
651 1429 839 1467 hostium
880 1429 1050 1467 turbam
1091 1430 1301 1481 impetum
1342 1429 1459 1477 facit,

144 1490 480 1540 obtruncatoque
511 1488 627 1539 prius
659 1487 880 1539 armigerO,
907 1487 980 1538 qui
1013 1500 1055 1525 se
1087 1487 1239 1526 infesto
1272 1487 1459 1525 venienti

145 1547 314 1586 obviam
337 1545 560 1598 objecerat,
582 1543 795 1583 consulem
816 1543 961 1583 lancea
983 1544 1208 1583 transfixit.
1271 1543 1461 1596 Spoliare

144 1606 387 1656 cupientem
419 1602 571 1650 triarii,
594 1601 770 1654 objectis
801 1602 944 1650 scutis,
975 1614 1158 1640 arcuere.
1221 1604 1259 1641 5.
1292 1601 1461 1653 Magnae

145 1662 276 1714 partis
299 1661 400 1713 fuga
421 1661 520 1699 inde
552 1660 738 1712 primum
770 1659 926 1711 coepit3
959 1662 1003 1698 et
1027 1659 1119 1711 jam
1140 1672 1217 1698 nec
1238 1659 1352 1698 lacus
1384 1672 1460 1698 nec

144 1723 309 1759 montes
331 1719 476 1771 pavori
498 1717 736 1757 obstabant.
788 1716 869 1755 Per
891 1717 1034 1755 omnia
1054 1720 1146 1756 arta
1166 1721 1461 1769 praeruptaque

143 1777 262 1816 velut
295 1777 394 1816 caeei
428 1775 630 1824 evadunt,
651 1787 851 1826 armaque
883 1778 927 1813 et
958 1775 1038 1812 viri
1070 1788 1193 1827 super
1224 1774 1358 1813 alium
1388 1773 1459 1814 alii

144 1835 479 1888 praecipitantur.
544 1833 581 1871 6.
614 1832 716 1870 Pars
746 1844 914 1884 magna,
935 1831 1009 1871 ubi
1041 1831 1156 1871 loeus
1188 1833 1300 1885 fugae
1330 1833 1460 1880 deest,

142 1906 219 1945 per
240 1893 378 1944 prima
394 1890 500 1929 vada
516 1889 682 1942 paludis
703 1890 747 1927 in
762 1902 915 1941 aquam
935 1891 1154 1941 progressi,
1173 1889 1309 1941 quoad
1327 1891 1460 1942 capit-

143 1951 240 1990 ibus
252 1949 494 1988 humerisve
509 1951 670 1986 exstare
692 1949 880 1998 possunt,
895 1960 981 1985 sese
996 1947 1272 1999 immergunt.
1326 1947 1460 1985 Fuere

143 2020 246 2060 quos
282 2005 547 2045 inconsultus
581 2017 709 2057 pavor
737 2003 874 2043 nando
909 2004 1040 2043 etiam
1073 2017 1283 2057 capessere
1315 2005 1458 2056 fugam

144 2064 377 2118 impulerit.
427 2063 467 2104 7.
500 2062 601 2109 Quae
628 2061 703 2101 ubi
738 2063 944 2100 immensa
970 2075 1017 2101 ac
1049 2062 1138 2101 sine
1167 2075 1237 2114 spe
1263 2065 1367 2108 erat,
1389 2067 1461 2101 aut

145 2122 440 2162 deficientibus
461 2120 614 2159 animis
627 2119 929 2159 hauriebantur
950 2119 1205 2172 gurgitibus,
1222 2122 1294 2158 aut
1313 2120 1461 2171 nequi-

144 2194 273 2233 quam
305 2180 402 2219 fessi
425 2178 530 2217 vada
562 2181 673 2217 retro
706 2177 924 2230 aegerrime
956 2177 1218 2229 repetebant,
1241 2180 1369 2229 atque
1401 2177 1461 2216 ibi

144 2239 198 2277 ab
221 2237 417 2290 ingressis
439 2249 592 2288 aquam
624 2235 813 2274 hostium
845 2234 1062 2286 equitibus
1093 2235 1247 2287 passim
1274 2235 1461 2274 trucida-

144 2296 311 2335 bantur.
374 2297 414 2334 8.
448 2293 528 2334 Sex
563 2292 700 2332 millia
733 2293 862 2332 ferme
895 2293 1022 2345 primi
1054 2293 1252 2345 agminiS,
1284 2305 1357 2344 per
1390 2292 1463 2331 ad-

144 2367 282 2393 versos
314 2353 454 2392 hoste’2s
487 2352 708 2403 eruptione
740 2351 906 2402 inpigre
938 2351 1062 2399 facta,
1086 2351 1222 2403 ignari
1255 2351 1462 2397 omnium,

145 2425 238 2463 quae
260 2415 355 2463 post
387 2424 429 2449 se
461 2412 702 2462 agerentur,
725 2422 774 2447 ex
806 2407 918 2447 saltu
950 2421 1141 2455 evasere3
1175 2412 1231 2455 et,
1254 2420 1384 2460 quum
1418 2408 1461 2446 in

145 2468 311 2509 tumqu
333 2467 516 2522 quodam
540 2467 842 2514 constitissent,
857 2465 1083 2505 clamorem
1101 2465 1223 2504 modo
1245 2479 1292 2504 ae
1314 2478 1460 2504 sonum
