1621 2718
474 163 641 200 LIBER
675 162 812 200 XXII.
869 162 984 199 (JAP.
1013 162 1161 200 XLIX.
1417 164 1466 201 59

158 272 422 313 morantibus
463 273 684 311 victoriam
723 272 822 311 irati
861 272 1136 321 trucidarent,
1169 285 1269 325 quos
1310 273 1465 325 pellere

161 344 244 370 non
268 333 473 382 poterant.
537 332 575 369 5.
607 329 870 382 Pepulerunt
883 332 1025 368 tamen
1041 329 1133 381 jam
1153 342 1306 382 paucos
1324 343 1464 384 super-

160 391 293 435 antes,
327 391 372 426 et
403 386 544 426 labore
575 400 624 426 ac
654 386 897 426 vulneribus
929 387 1068 426 fessos.
1131 387 1234 426 Inde
1270 387 1462 440 dissipati

162 458 305 484 omnes
330 448 442 492 sunt,
465 457 674 497 equosque
704 444 756 483 ad
787 445 946 496 fugam,
967 445 1040 496 qui
1072 447 1282 496 poterant,
1303 448 1465 497 repete-

161 502 276 541 bant.
340 503 377 540 6.
411 501 484 542 Cn.
507 501 714 540 Lentulus
744 501 939 540 tribunus
969 501 1172 549 militum,
1195 515 1340 553 quum,
1362 515 1466 553 prae-

161 559 381 598 tervehens
421 572 541 610 equo,
573 559 787 598 sedentem
829 559 873 597 in
919 572 1014 597 saxo
1059 572 1201 597 cruore
1245 558 1464 611 oppletum

161 616 374 655 consulem
414 616 601 655 vidisset.
666 616 703 655 7.
736 615 824 654 “L.
867 615 1054 664 AEmili‚”
1102 617 1256 668 inquit,
1299 619 1463 668 “quem

161 687 294 712 unum
329 673 538 711 insontem
571 672 706 724 culpae
739 672 870 711 cladis
902 673 1116 712 hodiernae
1156 674 1224 712 dei
1260 675 1464 725 respicere

160 730 333 778 debent,
354 743 454 783 cape
474 730 586 768 hunc
615 743 796 782 equum3
830 730 930 768 dum
952 735 995 768 et
1016 731 1097 768 tibi
1119 731 1272 769 virium
1303 730 1465 782 aliquid

161 791 362 840 superest,
396 800 533 826 comes
568 800 645 839 ego
681 791 723 826 te
760 787 908 825 tollere
945 801 1111 839 possum
1147 801 1193 826 ac
1230 790 1460 839 protegere.

163 847 202 883 8.
235 845 298 884 Ne
329 845 535 883 funestam
568 844 674 883 hanc
705 857 890 897 pugnam
921 848 1056 883 morte
1087 845 1268 883 consulis
1289 845 1463 884 feceris:

160 903 291 941 etiam
314 903 402 941 sine
423 902 501 940 hoc
522 901 787 941 lacrimarum
808 903 907 940 satis
927 901 1147 954 luctusque
1168 901 1268 941 est?
1331 904 1367 941 9.
1401 903 1465 941 Ad

160 973 210 999 ea
242 959 412 998 consul:
461 964 486 983 ‘⁶
503 960 566 998 Tu
602 959 787 1011 quidem,
814 959 887 999 Cn.
922 958 1104 1008 Corneli,
1136 963 1271 998 macte
1307 961 1465 999 virtute

162 1022 275 1056 esto:
321 1017 391 1055 sed
423 1030 535 1064 cave,
567 1017 720 1055 frustra
750 1017 984 1055 miserando
1017 1018 1215 1069 exiguum
1245 1020 1412 1069 ternpus
1443 1030 1465 1056 e

161 1074 356 1113 manibus
384 1074 567 1113 hostium
599 1074 802 1113 evadendi
833 1073 1037 1113 absumas.
1102 1077 1166 1113 10.
1198 1074 1294 1120 Abi,
1315 1075 1466 1113 nuntia

160 1132 329 1184 publice
360 1132 561 1183 patribus,
583 1131 730 1170 urbem
763 1131 991 1170 Romanam
1023 1132 1220 1170 muniant
1249 1145 1311 1181 ac,
1334 1132 1467 1183 prius-

159 1202 288 1240 quam
322 1189 453 1227 hostis
487 1183 620 1227 victor
652 1189 836 1237 advenit,
865 1188 1068 1241 praesidiis
1101 1188 1295 1237 firment3
1327 1190 1465 1241 priva-

160 1247 325 1298 timque
347 1245 394 1292 Q.
411 1245 555 1293 Fabio,
572 1245 797 1285 AEmilium
819 1250 1121 1298 praeceptorum
1137 1246 1171 1298 ej
1179 1259 1224 1285 us
1237 1259 1464 1285 memorem

160 1307 205 1343 et
226 1304 391 1352 vixisse,
423 1306 465 1342 et
496 1303 634 1341 adhuc
670 1305 790 1342 mori.
856 1305 919 1342 11.
952 1303 1115 1342 Memet
1145 1305 1190 1342 in
1223 1304 1298 1342 hac
1329 1311 1465 1356 strage

161 1360 350 1399 militum
372 1373 564 1399 meorum
595 1364 736 1413 patere
767 1362 986 1413 exspirare,
1009 1374 1060 1400 ne
1090 1365 1165 1400 aut
1195 1375 1287 1400 reus
1308 1362 1464 1399 iterum

160 1431 185 1457 e
220 1417 440 1457 consulatu
476 1418 570 1465 sim,
603 1422 677 1457 aut
716 1421 929 1457 accusator
964 1418 1136 1470 collegae
1169 1420 1378 1467 exsistam,
1417 1424 1466 1457 ut

158 1475 297 1514 alieno
347 1475 522 1514 crimine
565 1476 847 1514 innocentiam
896 1488 1033 1514 meam
1080 1475 1335 1528 protegam.'’
1402 1479 1465 1515 12.

162 1533 266 1572 Haec
287 1533 501 1585 exigentes
533 1533 649 1584 prius
679 1533 803 1572 turba
833 1534 1091 1585 fugientium
1119 1534 1292 1582 civium,
1315 1533 1467 1572 deinde

161 1590 315 1639 hostes,
353 1603 614 1642 oppressere:
659 1589 885 1639 consulem,
922 1591 1176 1642 ignorantes,
1209 1591 1303 1642 quis
1344 1595 1466 1639 esset,

161 1647 393 1686 obruerunt
425 1647 551 1694 telis;
595 1647 824 1686 Lentulum
865 1648 975 1686 inter
1011 1647 1243 1686 tumultum
1276 1647 1468 1700 abripuit

160 1718 306 1757 equus.
381 1707 444 1743 13.
476 1705 584 1743 Tum
634 1705 821 1757 undique
870 1705 998 1743 effuse
1046 1705 1231 1756 fugiunt.
1293 1704 1467 1757 Septem

162 1762 298 1801 millia
329 1762 549 1801 hominum
585 1762 627 1800 in
660 1763 822 1801 minora
863 1767 1010 1810 castra,
1042 1763 1183 1801 decom
1217 1763 1260 1800 in
1294 1762 1466 1814 majora,

161 1819 246 1859 duo
278 1819 409 1858 ferme
441 1820 485 1858 in
519 1820 660 1858 vicum
696 1820 835 1871 ipsum
872 1818 1031 1859 Cannas
1059 1820 1357 1871 perfugerunt:
1390 1820 1462 1871 qui

160 1875 372 1929 extemplo
405 1890 429 1915 a
463 1875 710 1916 Carthalone
743 1881 869 1929 atque
909 1877 1137 1928 equitibus,
1173 1876 1289 1915 nullo
1326 1877 1468 1915 muni-

162 1937 306 1973 mento
338 1937 509 1986 tegente
542 1935 696 1982 vicum,
725 1934 1002 1973 circumventi
1038 1938 1150 1973 sunt.
1216 1936 1280 1972 14.
1314 1933 1468 1974 Consul

161 1991 281 2041 alter,
302 2004 376 2030 seu
410 1991 518 2030 forte
549 2004 622 2030 seu
653 1991 828 2030 consilio
857 1991 965 2030 nulli
995 1991 1255 2043 fugientium
1286 1992 1467 2030 insertus

160 2049 338 2101 agmini,
378 2061 475 2087 cum
514 2049 823 2101 quinquaginta
862 2048 946 2087 fere
986 2049 1200 2100 equitibus
1241 2048 1468 2088 Venusiam

163 2106 363 2159 perfugit.
428 2108 493 2145 15.
526 2106 813 2158 Quadraginta
844 2107 1030 2158 quinque
1066 2106 1204 2144 millia
1244 2106 1469 2158 quingenti

163 2163 339 2216 pedites,
359 2163 441 2202 duo
463 2163 601 2202 millia
631 2164 887 2216 septingenti
919 2164 1095 2215 equites,
1118 2167 1161 2201 et
1191 2166 1312 2202 tanta
1341 2164 1470 2215 prope

162 2221 321 2260 civium
362 2220 650 2272 sociorumque
682 2234 789 2273 pars,
822 2221 914 2259 cresi
949 2221 1175 2268 dicuntur3
1221 2220 1285 2260 16.
1318 2221 1362 2259 in
1404 2221 1470 2260 his

161 2278 286 2318 ambo
327 2277 545 2317 consulum
586 2284 824 2330 qmestores,
866 2277 914 2316 L.
957 2277 1112 2317 Atilius
1147 2282 1190 2317 et
1226 2277 1274 2317 L.
1318 2278 1470 2317 Furius

162 2335 404 2384 Bibaculus,
435 2348 543 2374 unus
573 2341 617 2374 et
633 2336 790 2388 viginti
822 2335 982 2374 tribuni
1015 2335 1217 2384 militum,
1235 2335 1470 2375 consulares

162 2393 336 2446 quidam
356 2394 626 2445 praetoriique
648 2397 692 2432 et
707 2392 1050 2432 aedilicii—inter
1066 2406 1134 2432 eos
1155 2391 1228 2433 Cn.
1244 2392 1470 2433 Servilium

162 2451 394 2491 Geminum
433 2454 476 2490 et
516 2450 577 2489 M.
618 2450 861 2489 Minucium
895 2453 1131 2499 numerant,
1165 2451 1237 2503 qui
1269 2451 1470 2502 magister
