1621 2718
189 205 246 242 34
493 207 605 243 ΤΙΤΙ
641 207 781 244 LIVII
817 207 1216 245 HISTORIARUM

618 371 885 413 CHAPTER
925 372 1085 412 XXVI.

300 458 465 491 MinucIus
482 459 595 500 placed
611 469 652 489 on
669 469 709 489 an
727 460 822 499 equal
837 459 964 501 footing
979 459 1059 491 with
1074 459 1313 493 Fabius—ac.
1332 463 1405 495 217.

281 556 317 592 1.
351 554 395 593 Is
433 553 618 605 juvenis,
649 555 698 590 ut
739 553 926 604 primum
970 566 1018 591 ex
1062 566 1110 592 eo
1141 566 1293 606 genere
1323 557 1507 606 quaestfis

192 611 370 663 pecunia
401 624 425 649 a
455 613 573 662 patre
615 609 765 649 relicta
807 611 970 649 animos
1013 610 1065 649 ad
1110 624 1225 662 spem
1256 610 1507 652 liberalioris

189 669 371 707 fortunae
403 667 520 715 fecit,
542 673 726 719 togaque
760 669 804 705 et
836 667 974 706 forum
1008 667 1217 720 placuere,
1238 670 1278 707 2.
1302 669 1507 720 proclam-

189 725 298 764 ando
329 738 402 777 pro
433 725 608 764 sordidis
650 724 894 763 hominibus
935 726 1153 776 causisque
1190 725 1386 765 adversus
1416 740 1506 766 rem

188 786 234 822 et
254 783 412 821 famam
433 782 649 829 bonorum‚
671 783 858 834 primum
879 783 924 820 in
945 782 1147 821 notitiam
1169 783 1330 835 populi,
1352 783 1505 823 deinde

186 840 241 879 ad
264 840 451 887 honores,
473 840 680 891 pervenit.
744 842 783 879 3.
816 839 1033 886 Quaestura
1069 853 1234 892 quoque
1267 844 1311 879 et
1344 841 1506 880 duabus

189 897 481 946 aedilitatibus,
518 897 683 949 plebeia
723 900 765 935 et
810 897 958 944 curuli,
1000 897 1210 948 postremo
1242 901 1283 936 et
1325 902 1507 949 praetura

190 955 448 1007 perfunctus,
479 954 572 1006 jam
614 955 665 993 ad
701 954 939 993 consulatfis
971 967 1086 1005 spem
1118 967 1249 1006 quum
1281 955 1506 994 adtolleret

188 1013 367 1060 animos,
405 1015 445 1051 4.
478 1012 591 1050 haud
622 1013 771 1063 parum
804 1011 955 1050 callide
997 1024 1141 1050 auram
1171 1011 1325 1050 favoris
1355 1012 1507 1065 popul-

187 1070 271 1108 aris
303 1083 352 1108 ex
383 1069 610 1108 dictatoria
642 1069 803 1108 invidia
843 1069 986 1120 petiit,
1018 1069 1198 1121 scitique
1229 1069 1367 1121 plebis
1398 1083 1506 1109 unus

185 1127 370 1179 gratiam
392 1126 506 1165 tulit.

279 1186 316 1223 5.
351 1184 505 1224 Omnes
526 1197 619 1222 eam
641 1184 902 1235 rogationem
933 1183 1092 1235 quique
1114 1183 1258 1223 Romae
1280 1184 1438 1236 quique
1458 1185 1506 1223 in

187 1243 375 1281 exercitu
398 1245 531 1290 erant,
553 1241 663 1293 aequi
700 1244 827 1293 atque
861 1241 1011 1293 iniqui,
1033 1243 1185 1292 praeter
1206 1242 1348 1293 ipsum
1369 1241 1506 1280 dicta-

188 1302 339 1348 torem,
368 1300 414 1337 in
444 1299 744 1338 contumeliam
766 1299 853 1351 ejus
876 1298 1007 1337 latam
1039 1302 1307 1350 acceperunt3
1339 1299 1378 1338 6.
1399 1299 1505 1351 ipse,

190 1361 273 1408 qua
304 1357 514 1408 gravitate
545 1357 677 1395 animi
719 1356 993 1395 criminantes
1023 1369 1065 1394 se
1095 1356 1148 1394 ad
1179 1355 1506 1395 multitudinem

188 1414 382 1453 inimicos
418 1414 589 1462 tulerat,
611 1413 759 1452 eadem
796 1417 839 1452 et
872 1413 1017 1466 populi
1048 1414 1093 1452 in
1126 1426 1168 1452 se
1200 1413 1408 1452 saevientis
1439 1414 1505 1452 in-

182 1471 344 1524 juriam
388 1471 516 1518 tulit3
571 1472 608 1511 7.
640 1472 907 1523 acceptisque
953 1471 998 1509 in
1041 1472 1131 1523 ipso
1177 1471 1329 1509 itinere
1367 1470 1504 1510 literis

148 1576 151 1580 ι
189 1530 442 1580 senatusque
479 1528 671 1567 consulto
702 1529 753 1567 de
799 1532 963 1581 aequato
1006 1529 1198 1580 imperiO,
1229 1530 1330 1567 satis
1371 1528 1504 1568 fidens

190 1587 517 1638 haudquaquam
539 1599 636 1624 cum
658 1586 824 1638 imperii
843 1587 940 1638 jure
962 1589 1097 1625 artem
1114 1586 1350 1637 imperandi
1367 1599 1505 1638 aequa-

187 1647 290 1692 tam,
314 1656 410 1682 eum
430 1644 592 1683 invicto
614 1656 638 1682 a
659 1643 821 1682 civibus
842 1643 1112 1696 hostibusque
1134 1643 1275 1682 animo
1297 1644 1349 1683 ad
1365 1657 1505 1682 exerc-

188 1702 297 1740 itum
320 1701 458 1740 rediit.

601 1832 866 1873 CHAPTER
908 1831 1095 1871 XXVII.

208 1923 311 1953 Great
327 1921 478 1962 boasting
494 1922 531 1952 of
543 1920 718 1994 Minucihqs.
766 1920 835 1969 The
851 1921 953 1961 Army
961 1919 1101 1993 2divided
1117 1920 1262 1951 between
1279 1920 1401 1951 Fabius
1418 1920 1482 1951 and

699 1973 942 1994 unimus—Rc.
986 1965 1033 1996 17.

277 2042 313 2081 l.
346 2042 565 2081 Mmuonts
596 2040 708 2088 vero,
742 2053 876 2092 quum
902 2039 993 2091 jam
1039 2040 1138 2078 ante
1169 2040 1239 2078 vix
1270 2039 1503 2079 tolerabilis

183 2101 334 2139 suisset
368 2099 560 2138 secundis
591 2098 712 2137 rebus
745 2111 790 2137 ac
822 2098 961 2136 favore
994 2096 1123 2149 volgi,
1156 2099 1194 2136 2.
1227 2100 1321 2136 tum
1352 2098 1502 2150 utique

185 2158 396 2197 inmodice
418 2156 751 2207 inmodesteque,
777 2168 860 2193 non
896 2154 1135 2193 Hannibale
1157 2156 1294 2206 magis
1315 2155 1428 2194 victo
1449 2155 1503 2195 ab

184 2230 240 2264 se,
264 2217 390 2267 quarn
414 2214 461 2261 Q.
486 2214 632 2262 Fabio,
656 2213 855 2265 gloriari:
891 2216 930 2252 3.
963 2212 1087 2251 illum
1124 2212 1167 2250 in
1204 2212 1326 2251 rebus
1348 2214 1503 2265 asperis

184 2275 359 2311 unicum
390 2273 540 2311 ducem
574 2285 622 2310 ao
664 2284 806 2323 parem
840 2271 1065 2322 quaesitum
1099 2269 1359 2318 Hannibali3
1396 2270 1504 2322 maj-

183 2344 300 2369 orem
323 2331 491 2377 minori,
513 2330 765 2368 dictatorem
787 2329 990 2380 magistro
1023 2327 1230 2379 equitum,
1252 2327 1365 2379 quod
1385 2327 1505 2367 nulla

185 2389 387 2427 memoria
420 2388 569 2426 habeat
605 2386 839 2433 annalium,
868 2386 987 2438 jussu
1025 2385 1174 2438 populi
1211 2389 1424 2437 aequatum
1457 2386 1503 2424 in

184 2446 331 2485 eadem
364 2447 554 2492 civitate,
585 2446 629 2483 in
674 2449 756 2496 qufi
801 2444 994 2495 magistri
1041 2443 1232 2495 equitum
1275 2443 1414 2495 virgas
1455 2456 1504 2482 ac

184 2517 347 2543 secures
369 2504 588 2542 dictatoris
613 2508 791 2541 ‘tremere
813 2506 940 2553 atque
970 2501 1137 2539 horrere
1161 2500 1276 2540 soliti
1299 2501 1398 2540 sint.
1461 2504 1503 2540 4.
