1621 2718
450 200 619 239 LIBER
653 199 790 237 XXII.
846 199 961 237 GAP.
992 199 1109 237 VIII.
1376 202 1419 240 11

559 366 826 408 CHAPTER
856 366 979 406 VIII.

113 457 201 491 Four
215 456 379 489 thousand
396 455 537 497 Cavalry
553 455 656 487 under
672 455 707 487 C.
725 455 912 492 Centenius,
929 455 984 486 the
1000 454 1193 497 Propraetor,
1206 456 1373 496 surprised
1383 456 1425 497 by

158 500 338 532 Hannibal.
363 500 402 531 In
420 499 476 531 the
491 500 628 530 absence
645 499 682 530 of
694 498 748 529 the
765 498 887 530 Consul
903 499 958 530 the
970 498 1083 539 people
1099 509 1142 540 ap
1165 499 1236 530 oint
1247 499 1285 534 Q.
1304 498 1426 530 Fabius

157 543 326 621 {Igngmys
345 542 560 580 Prodictator,
578 541 643 572 and
664 541 830 573 Minucius
850 541 956 573 Rufus
986 541 1112 573 Master
1127 553 1146 573 ο
1184 542 1240 573 the
1265 542 1426 573 Herse.—

207 666 243 702 1.
276 663 523 708 PRIUSQUAM
545 663 646 700 satis
668 664 782 700 certa
804 662 978 701 consilia
1004 665 1154 710 essent,
1176 676 1322 714 repens
1343 662 1425 701 alia

114 721 340 760 nuntiatur
368 719 533 766 clades3
564 724 745 771 quatuor
767 718 902 758 millia
923 721 1114 771 equitum
1137 733 1233 758 cum
1256 719 1299 759 C.
1324 719 1427 759 Cen-

115 778 232 818 tenio
267 781 522 830 propraetore
557 777 685 815 missa
717 776 770 815 ad
800 776 1005 829 collegam
1035 777 1088 815 ab
1120 776 1298 816 Servilio
1330 790 1427 816 con-

115 835 205 875 sule
245 835 291 873 in
334 834 525 882 Umbria,
562 834 643 886 quo
682 836 778 886 post
816 846 1004 885 pugnam
1043 834 1096 873 ad
1137 834 1427 873 Trasimenum

116 892 308 932 auditam
348 894 588 930 averterant
623 891 718 939 iter,
754 891 806 930 ab
848 891 1085 931 Hannibale
1127 892 1425 930 circumventa.

120 956 158 989 2.
191 949 294 1002 Ejus
310 949 370 988 rei
393 948 505 987 fama
518 949 631 987 varie
653 949 842 987 homines
863 948 1032 988 adfecit.
1079 949 1193 997 Pars,
1215 950 1428 999 occupatis

117 1006 276 1059 majore
289 1005 540 1058 {egritudine
561 1006 729 1054 animis,
746 1005 884 1045 levem
901 1019 950 1044 ex
964 1007 1274 1058 comparatione
1296 1006 1428 1058 prior-

119 1078 192 1103 um
233 1064 383 1103 ducere
415 1066 625 1102 recentem
657 1063 848 1116 equitum
878 1063 1115 1115 jacturam:
1151 1066 1188 1102 3.
1221 1077 1314 1116 pars
1344 1077 1426 1102 non

120 1122 178 1170 id,
199 1121 313 1174 quod
333 1120 556 1168 acciderat,
581 1133 655 1172 per
683 1134 725 1159 se
756 1121 982 1168 aestimare3
1017 1121 1100 1170 sed,
1123 1127 1172 1160 ut
1203 1122 1246 1160 in
1278 1121 1427 1160 affecto

117 1191 289 1232 corpore
310 1178 503 1230 quamvis
524 1177 629 1217 levis
645 1191 768 1216 causa
783 1179 931 1230 magis,
944 1180 1071 1230 quam
1092 1178 1232 1218 valido
1249 1179 1427 1230 gravior,

119 1237 362 1285 sentiretur,
393 1237 433 1273 4.
465 1235 527 1273 ita
559 1238 651 1273 tum
683 1247 803 1287 aegrae
833 1239 877 1274 et
906 1235 1066 1275 affectae
1097 1237 1263 1274 civitati
1297 1236 1428 1287 quod-

119 1306 300 1346 cumque
321 1292 483 1332 adversi
504 1292 717 1340 inciderit,
739 1305 821 1331 non
853 1305 992 1331 rerum
1023 1293 1334 1345 magnitudine,
1357 1293 1427 1332 sed

120 1350 282 1390 viribus
317 1349 567 1396 extenuatis,
603 1362 697 1401 quae
736 1349 860 1397 nihil,
891 1350 1004 1401 quod
1040 1350 1302 1402 adgravaret,
1339 1351 1425 1402 pati

119 1410 301 1461 possent,
342 1406 637 1447 aestimandum
676 1420 774 1446 esse.
838 1409 876 1446 5.
910 1407 1061 1459 Itaque
1102 1407 1154 1446 ad
1195 1408 1427 1447 remedium

115 1466 207 1519 jam
229 1465 303 1504 diu
323 1477 460 1517 neque
491 1464 771 1503 desideratum
797 1477 871 1503 nec
899 1464 1155 1514 adhibitum,
1177 1466 1425 1504 dictatorem

121 1522 361 1570 dicendum,
383 1522 533 1561 civitas
563 1521 768 1574 confugit.
820 1522 878 1561 Et
905 1523 1006 1574 quia
1030 1526 1071 1561 et
1104 1522 1247 1561 consul
1271 1523 1428 1568 aberat,

120 1593 147 1620 a
181 1593 265 1633 quo
300 1592 384 1619 uno
420 1579 505 1619 dici
541 1592 658 1632 posse
699 1579 933 1628 videbatur,
966 1593 1040 1619 nec
1075 1593 1149 1633 per
1185 1584 1427 1631 occupatam

121 1638 250 1677 armis
289 1637 462 1677 Punicis
504 1636 677 1676 Italiam
717 1637 840 1676 facile
876 1641 966 1676 erat
1006 1641 1080 1676 aut
1118 1638 1316 1676 nuntium
1357 1640 1429 1676 aut

123 1695 268 1734 literas
303 1695 438 1743 mitti,
470 1707 548 1733 nec
580 1694 830 1733 dictatorem
867 1694 1047 1747 populus
1080 1707 1216 1733 creare
1250 1698 1431 1747 poterat,

125 1754 164 1791 6.
196 1752 308 1804 quod
341 1764 557 1803 nunquam
593 1755 691 1790 ante
724 1765 816 1790 eam
854 1752 965 1791 diem
1003 1752 1164 1790 factum
1197 1757 1299 1799 erat,
1337 1765 1428 1804 pro-

124 1809 377 1848 dictatorem
413 1808 590 1861 populus
622 1811 780 1848 creavit
814 1808 861 1856 Q.
895 1809 1074 1848 Fabium
1108 1809 1360 1857 Maximum,
1389 1814 1429 1848 et

124 1867 379 1919 magistrum
401 1867 594 1919 equitum
622 1866 683 1905 M.
715 1866 955 1905 Minucium
985 1867 1169 1914 Rufum3
1214 1867 1251 1906 7.
1285 1866 1433 1917 hisqut⁸

126 1924 345 1978 negotium
371 1923 423 1963 ab
451 1926 599 1962 senatu
632 1924 793 1972 datum,
815 1927 864 1962 ut
899 1937 1040 1963 muros
1068 1927 1284 1976 turresque
1318 1923 1434 1961 urbis

127 1980 341 2020 firmarent
376 1983 420 2020 et
452 1980 646 2033 praesidia
681 1981 963 2033 disponerent,
1001 1981 1152 2034 quibus
1184 1980 1285 2019 locis
1317 1981 1433 2019 vide—

127 2042 256 2086 retur,
285 2041 518 2091 pontesque
547 2038 831 2077 rescinderent
863 2037 1114 2077 fluminum:
1150 2051 1224 2090 pro
1257 2038 1360 2076 urbe
1387 2051 1435 2077 ac

126 2095 348 2148 penatibus
381 2095 670 2134 dimicandum
703 2108 805 2144 esse,
825 2096 991 2148 quando
1027 2095 1199 2134 Italiam
1229 2097 1340 2134 tueri
1364 2108 1437 2135 ne-

125 2152 325 2206 quissent.
