1621 2718
199 195 248 231 ‘22
497 194 610 231 ΤΙΤΙ
646 194 786 231 LIVH
822 194 1217 232 HISTORIARUM

199 304 456 357 petendique
495 307 659 344 montes
699 307 743 344 et
776 304 930 356 jugum
972 304 1187 344 Calliculae
1227 306 1507 357 superandum

199 365 319 411 esset,
342 363 496 402 necubi
513 363 725 402 Romanus
747 361 957 400 inclusum
979 361 1160 401 vallibus
1182 375 1334 415 agmen
1359 376 1508 416 aggre-

200 420 381 469 deretur,
414 420 452 459 6.
485 420 721 459 ludibrium
753 418 983 468 oculorum,
1026 420 1160 470 specie
1205 420 1412 468 terribile,
1454 421 1508 460 ad

198 477 488 516 frustrandum
503 477 668 516 hostem
681 478 957 524 commentus,
974 476 1184 528 principio
1204 478 1340 516 noctis
1356 478 1508 517 furtim

198 534 416 574 succedere
437 535 491 573 ad
512 537 675 573 montes
696 534 863 572 statuit.
928 533 965 573 7.
998 533 1179 572 Fallacis
1211 533 1378 573 consilii
1409 534 1506 574 talis

197 594 424 643 apparatus
445 592 556 630 fuit:
589 591 700 630 faces
723 591 911 643 undique
932 604 981 629 ex
1003 591 1115 643 agris
1137 590 1336 640 collectae,
1357 591 1507 631 fasces-

196 661 279 700 que
295 649 507 700 virgarum
521 651 648 700 atque
661 649 769 687 aridi
786 649 1000 696 sarmenti,
1019 648 1294 700 praeligantur
1311 649 1509 689 cornibus

196 706 337 754 boum,
361 719 462 758 quos
484 707 667 745 domitos
684 706 996 758 indomitosque
1013 705 1168 745 multos
1191 707 1303 745 inter
1324 710 1503 746 ceteram

195 766 403 815 agrestem
436 763 621 816 praedam
656 764 819 816 agebat.
902 766 940 803 8.
985 763 1050 802 Ad
1083 764 1166 802 duo
1201 763 1340 802 millia
1374 763 1505 803 ferme

195 821 323 860 boum
369 821 532 870 effecta,
584 821 923 872 Hasdrubalique
973 822 1194 873 negotium
1245 821 1405 869 datum,
1456 825 1504 861 ut

194 879 343 929 primis
366 879 550 918 tenebris
572 880 707 918 noctis
738 879 781 917 id
804 882 1057 926 armentum,
1090 879 1272 918 accensis
1294 879 1505 928 cornibus,

193 936 245 974 ad
280 940 445 975 montes
479 939 638 989 ageret,
671 937 868 984 maxime,
895 937 929 975 si
967 939 1118 987 posset,
1151 949 1274 988 super
1297 935 1428 975 saltfis
1451 936 1505 976 ab

193 993 311 1032 hoste
334 994 523 1032 insessos.

628 1189 894 1229 CHAPTER
925 1189 1054 1228 XVII

190 1280 386 1311 Hannibal’s
403 1284 582 1319 stratagem
593 1290 709 1321 proves
725 1279 912 1311 successful.
957 1279 1026 1310 The
1043 1279 1304 1320 Cmthaginians,
1323 1279 1505 1312 extricated

231 1324 315 1354 from
342 1323 430 1354 their
455 1323 599 1364 perilous
622 1323 777 1364 position,
807 1333 940 1364 encamp
970 1322 1004 1353 in
1029 1323 1085 1353 the
1110 1323 1237 1354 district
1268 1324 1305 1354 of
1340 1323 1503 1355 Allifae.—

232 1377 292 1398 B.c.
312 1369 383 1401 217.

280 1446 314 1482 l.
348 1443 505 1483 Pmms
526 1443 711 1482 tenebris
733 1442 903 1481 silentio
935 1445 1051 1481 mota
1073 1445 1237 1490 castra3
1269 1443 1395 1483 boves
1427 1444 1504 1483 ali-

186 1504 347 1554 quanto
378 1504 477 1540 ante
511 1501 630 1552 signa
662 1501 760 1539 acti.
824 1502 861 1538 2.
898 1500 981 1539 Ubi
1009 1500 1063 1539 ad
1094 1501 1253 1539 radices
1291 1502 1503 1541 montium

187 1560 359 1611 viasque
390 1562 590 1611 angustas
610 1561 788 1597 ventum
819 1561 896 1606 est,
919 1558 1087 1610 signum
1120 1558 1332 1610 extemplo
1364 1559 1506 1608 datur,

187 1620 250 1665 ut,
272 1617 458 1655 accensis
479 1616 691 1664 cornibus,
712 1618 905 1654 armenta
935 1617 981 1654 in
1012 1616 1205 1655 adversos
1237 1617 1505 1656 concitentur

186 1678 376 1713 montes:
410 1676 453 1713 et
487 1676 626 1712 metus
659 1674 749 1725 ipse
785 1673 1014 1712 relucentis
1050 1672 1231 1713 flammae
1267 1688 1317 1713 ex
1350 1675 1504 1727 capite,

186 1732 381 1784 calorque
397 1731 489 1784 jam
511 1732 564 1770 ad
586 1732 732 1770 vivum
765 1731 816 1770 ad
848 1732 1017 1782 imaque
1039 1745 1242 1770 cornuum
1263 1732 1505 1776 adveniens,

186 1790 306 1829 velut
328 1789 567 1829 stimulatos
593 1789 730 1828 furore
761 1789 914 1841 agebat
944 1789 1082 1828 boves.
1147 1792 1184 1828 3.
1219 1789 1308 1836 Quo
1331 1795 1503 1842 repente

186 1849 390 1894 discursu,
413 1847 525 1886 haud
549 1860 663 1886 secus
685 1848 813 1898 quam
836 1846 952 1885 silvis
984 1847 1282 1899 montibusque
1304 1849 1502 1896 accensis,

186 1907 328 1945 omnia
350 1906 509 1944 circum
531 1904 719 1956 virgulta
739 1905 884 1943 ardere
903 1918 912 1951 3
945 1905 1217 1956 capitumque
1239 1905 1362 1944 irrita
1383 1919 1503 1957 quas-

187 1964 293 2003 satio
317 1964 503 2002 excitans
526 1961 741 2001 flammam
763 1962 984 2000 hominum
1004 1963 1161 2014 passim
1176 1962 1503 2003 discurrentium

187 2021 370 2073 speciem
392 2020 617 2073 praebebat.
662 2023 701 2058 4.
735 2020 817 2066 Qui
839 2020 891 2058 ad
914 2020 1141 2058 transitum
1164 2020 1294 2059 saltus
1316 2022 1505 2060 insiden-

186 2080 288 2118 dum
310 2079 437 2118 locati
459 2081 592 2126 erant,
614 2078 687 2117 ubi
709 2078 755 2116 in
776 2078 951 2116 summis
982 2078 1197 2117 montibus
1229 2091 1276 2116 ac
1307 2092 1430 2132 super
1462 2093 1503 2118 se

186 2137 390 2189 quosdam
426 2137 545 2188 ignes
579 2148 842 2188 conspexere,
875 2136 1183 2174 circumventos
1214 2149 1255 2174 se
1287 2150 1373 2175 esse
1405 2138 1502 2184 rati,

186 2195 380 2247 praesidio
432 2207 673 2240 excessere3
724 2198 809 2245 qua
859 2194 1036 2232 minime
1095 2194 1234 2233 densae
1284 2194 1502 2234 micabant

185 2252 381 2301 flammae,
403 2252 524 2291 velut
545 2252 809 2291 tutissimum
832 2252 912 2290 iter
943 2254 1134 2303 petentes
1167 2265 1331 2291 summa
1362 2256 1503 2291 mont·

186 2312 277 2350 ium
309 2310 429 2362 juga,
465 2313 609 2349 tamen
646 2310 691 2348 in
731 2309 936 2361 quosdam
982 2309 1107 2348 boves
1149 2309 1311 2362 palatos
1352 2323 1376 2349 a
1417 2311 1501 2349 suis

184 2369 383 2421 gregibus
405 2368 659 2407 inciderunt.
713 2369 750 2406 5.
787 2368 841 2406 Et
863 2367 1013 2419 primo,
1035 2381 1169 2419 quum
1192 2367 1336 2419 procul
1359 2381 1502 2407 cerne-

184 2430 292 2476 rent,
315 2426 449 2465 veluti
471 2425 660 2465 flammas
683 2426 936 2477 spirantium
970 2425 1172 2464 miraculo
1204 2426 1380 2464 attoniti
1402 2439 1501 2464 con-

184 2485 412 2532 stiterunt3
455 2485 493 2524 6.
527 2484 679 2523 deinde
712 2487 759 2522 ut
795 2483 980 2521 humana
1013 2484 1209 2535 apparuit
1246 2483 1372 2532 fraus,
1405 2486 1498 2522 tum
