1621 2718
142 207 188 243 36
436 206 547 242 TITI
574 206 714 242 LIVII
742 203 1136 243 HISTORIARUM

140 316 352 365 Romanis,
383 315 738 367 debellatumque,
783 317 827 353 et
870 326 1110 353 concessum
1146 310 1361 364 propalam
1393 310 1444 348 de

140 374 299 411 virtute
341 385 389 411 ac
430 372 565 424 gloria
596 385 696 418 esse,
742 372 786 409 in
818 373 953 409 castra
982 370 1135 408 rediit:
1185 370 1223 407 5.
1256 369 1443 406 ceterum

138 430 270 469 tacita
287 433 388 468 cura
409 430 600 468 animum
623 429 829 474 incensus,
852 426 963 479 quod
983 439 1080 465 cum
1101 426 1205 464 duce
1226 424 1445 475 haudqua-

136 501 268 540 quam
301 488 516 527 Flaminio
553 487 882 538 Sempronioque
923 486 1055 524 simili
1087 487 1234 525 futura
1265 486 1346 525 sibi
1383 500 1448 526 res

139 549 273 594 esset3
314 559 362 584 ac
395 550 489 584 tum
521 545 688 583 demum
730 543 869 583 edocti
914 543 1038 582 malis
1078 542 1259 581 Romani
1303 556 1448 595 parem

142 602 372 641 Hannibali
390 603 539 641 ducem
551 601 808 653 quaesissent.
845 601 882 639 6.
902 600 960 639 Et
975 600 1245 653 prudentiam
1261 600 1448 652 quidem,

143 672 224 698 non
245 660 346 708 vim,
360 659 579 698 dictatoris
595 658 804 710 extemplo
825 658 986 696 timuit.
1031 656 1321 697 Constantiam
1337 656 1449 695 haud

142 717 243 755 dum
284 719 479 769 expertus
511 716 671 768 agitare
719 729 767 754 ac
808 718 972 754 tentare
1008 715 1198 753 animum
1243 714 1449 753 movendo

142 774 284 813 crebro
302 778 449 822 castra,
463 773 781 826 populandoque
794 773 839 811 in
854 772 983 811 oculis
991 771 1026 824 ej
1034 786 1081 810 us
1094 785 1213 825 agros
1228 773 1448 820 sociorum,

142 832 296 883 coepit:
340 831 378 871 7.
410 835 453 870 et
474 831 597 869 modo
625 831 754 869 citato
781 831 950 882 agmine
972 843 1021 869 ex
1043 832 1269 882 conspectu
1290 829 1448 877 abibat,

146 889 267 927 modo
289 892 460 940 repente
482 889 524 927 in
548 887 690 939 aliquo
712 886 820 926 flexu
842 888 934 935 viae,
956 888 990 925 si
1007 887 1195 939 excipere
1209 887 1451 939 degressum

145 947 188 984 in
220 959 386 998 aequum
417 948 567 997 posset,
589 944 776 983 occultus
798 944 1062 983 subsistebat.
1128 947 1166 983 8.
1199 944 1356 983 Fabius
1377 957 1452 996 per

145 1004 233 1042 loca
253 1003 342 1042 alta
371 1016 522 1055 agmen
545 1002 723 1041 ducebat
744 1002 907 1040 modico
929 1002 981 1040 ab
1002 1002 1122 1040 hoste
1143 1001 1381 1050 intervallo,
1403 1005 1452 1040 ut

146 1073 281 1112 neque
295 1062 515 1099 omitteret
535 1073 631 1098 eum
648 1072 784 1111 neque
799 1059 1133 1110 congrederetur.
1177 1058 1347 1105 Castris,
1368 1059 1449 1097 nisi

147 1119 352 1170 quantum
365 1131 463 1156 usus
476 1117 699 1156 necessarii
708 1116 1147 1168 cogerent‚tenebatur
1156 1115 1290 1155 miles.
1315 1116 1453 1155 Pabu-

148 1176 233 1213 lum
248 1178 290 1213 et
305 1175 422 1227 ligna
434 1188 511 1213 nec
527 1175 648 1226 pauci
665 1174 867 1226 petebant
882 1187 959 1212 nec
973 1174 1139 1225 passim.
1184 1175 1221 1212 9.
1245 1173 1453 1226 Equitum

150 1233 333 1284 levisque
376 1236 598 1271 armaturae
640 1232 765 1270 statio
806 1233 1036 1283 composita
1078 1232 1365 1282 instructaque
1407 1232 1452 1269 in

150 1290 306 1328 subitos
332 1289 556 1335 tumultus,
586 1292 629 1328 et
659 1302 732 1327 suo
760 1288 892 1327 militi
929 1293 1023 1327 tuta
1053 1289 1208 1336 omnia,
1231 1292 1274 1327 et
1300 1289 1454 1327 infesta

148 1347 289 1386 effusis
303 1348 488 1386 hostium
504 1346 1067 1398 populatoribus,praebebat.
1100 1346 1247 1398 Neque
1259 1347 1454 1385 universo

150 1404 334 1456 periculo
367 1418 531 1443 summa
556 1417 696 1443 rerum
728 1404 1096 1450 committebatur3
1152 1406 1215 1442 10.
1253 1406 1297 1442 et
1328 1417 1454 1455 parva

151 1466 361 1501 momenta
375 1462 532 1501 levium
547 1462 825 1500 certaminum
841 1474 889 1499 ex
905 1466 998 1499 tuto
1014 1460 1454 1513 coeptorum,finitimo

151 1524 335 1571 receptu,
387 1518 716 1558 assuefaciebant
776 1519 975 1557 territum
1026 1519 1216 1571 pristinis
1267 1518 1455 1557 cladibus

150 1577 332 1616 militem
366 1577 505 1615 minus
536 1576 627 1629 jam
657 1576 828 1615 tandem
865 1579 939 1614 aut
970 1577 1141 1614 virtutis
1172 1579 1245 1614 aut
1277 1576 1456 1614 fortunae

150 1635 354 1686 poenitere
369 1648 464 1673 suae.
514 1636 577 1672 ll.
606 1633 685 1673 Sed
703 1646 786 1671 non
805 1633 1088 1672 Hannibalem
1103 1635 1237 1686 magis
1252 1633 1455 1672 infestum

151 1698 236 1730 tam
260 1693 369 1731 sanis
390 1691 575 1730 consiliis
596 1691 791 1739 habebat,
813 1692 940 1741 qua-m
962 1691 1213 1743 magistrum
1236 1691 1455 1742 equitum3

149 1750 222 1801 qui
252 1750 362 1788 nihil
393 1749 523 1799 aliud,
544 1750 672 1801 quam
704 1748 814 1801 quod
841 1749 975 1800 impar
997 1755 1085 1787 erat
1110 1749 1301 1800 imperio,
1331 1761 1457 1787 morae

150 1808 201 1846 ad
231 1821 319 1846 rem
351 1806 566 1859 publicam
595 1806 941 1858 praecipitandam
967 1806 1160 1845 habebat.
1227 1808 1291 1845 12.
1324 1806 1457 1845 Ferox

150 1865 400 1917 rapidusque
413 1865 456 1903 in
473 1864 671 1911 consiliis,
694 1876 740 1901 ac
755 1863 813 1901 lin
818 1868 902 1915 gua
918 1864 1183 1912 immodicus,
1196 1864 1333 1915 primo
1347 1864 1458 1902 inter

150 1936 312 1974 paucos,
328 1923 424 1961 dein
446 1921 662 1974 propalam
685 1922 726 1958 in
743 1921 907 1972 vulgus,
924 1934 997 1985 pro
1015 1924 1257 1960 cunctatore
1271 1934 1454 1973 segnem„

152 1993 222 2032 pro
265 1983 387 2018 cauto
420 1979 637 2018 timidum.
674 1978 875 2030 affingens
907 1979 1046 2017 vicina
1075 1978 1304 2017 virtutibus
1336 1979 1457 2027 vitia,

148 2037 443 2089 compellabat,
485 2012 799 2089 plemendoque
836 2036 1245 2088 supeiiorem-——quae
1281 2036 1458 2088 pessima

148 2108 210 2133 als
238 2095 365 2133 nimis
396 2095 602 2146 prosperis
634 2093 866 2132 multorum
898 2093 1151 2132 successibus
1180 2095 1459 2133 crevit—sese

148 2152 389 2191 extollebat.
