1621 2718
433 128 602 166 LIBER
636 129 776 166 XXII.
833 129 949 166 CAP.
980 129 1065 167 LX.
1349 131 1399 170 71

98 240 265 281 faciam.
331 241 397 278 13.
431 238 545 277 Illud
578 239 708 277 etiam
746 238 790 276 in
823 238 899 277 tali
922 239 1096 278 consilio
1118 240 1403 280 animadvert-

100 296 255 340 endum
305 296 423 335 vobis
472 309 676 344 censeam,
731 300 869 347 patres
919 297 1267 349 conscripti—si
1312 297 1403 349 jam

101 354 288 395 duriores
309 366 396 393 esse
418 352 574 401 velitis,
596 353 707 405 quod
739 353 855 391 nullo
887 357 1028 392 nostro
1060 354 1210 393 merito
1238 354 1404 393 faciatis

100 411 228 450 —cui
256 424 330 450 nos
361 411 475 450 hosti
509 409 698 449 relicturi
727 411 832 449 sitis.
901 412 962 449 14.
995 410 1155 463 Pyrrho
1187 411 1405 460 videlicet,

100 469 176 522 qui
197 481 271 507 1105
301 468 517 520 hospitum
548 480 722 506 numero
753 468 939 519 captivos
969 468 1133 517 habuit,
1153 481 1208 507 an
1228 468 1404 508 barbaro

101 539 149 566 ac
185 525 348 564 Poeno?
392 526 466 577 qui
500 528 647 564 utrum
678 525 851 573 avarior,
885 538 936 564 an
974 525 1196 575 crudelior,
1227 526 1298 575 sit,
1333 526 1404 564 vix

102 583 334 623 existimari
357 585 506 634 potest.
572 583 636 620 15.
669 581 714 621 Si
744 582 920 621 videatis
951 585 1131 631 catenas,
1153 582 1404 635 squalorem,

103 640 418 680 deformitatem
454 639 613 678 civium
646 643 891 687 vestrorum,
924 653 1009 678 non
1041 641 1182 679 minus
1217 641 1406 692 profecto

103 711 175 737 vos
195 710 244 736 ea
264 697 420 748 species
443 699 622 744 moveat,
644 698 771 747 quam
794 697 826 734 si
859 710 909 734 ex
930 696 1063 736 altera
1083 701 1202 749 parte
1224 698 1405 736 cernatis

103 758 254 795 stratas
286 753 572 794 Cannensibus
604 754 760 805 campis
792 753 976 805 legiones
1002 758 1171 792 vestras.
1239 755 1301 793 16.
1335 755 1405 793 In-

103 812 215 852 tueri
249 812 426 864 potestis
459 810 790 849 sollicitudinem
821 815 865 849 et
897 810 1089 850 lacrimas
1118 811 1163 850 in
1195 811 1406 850 vestibulo

103 870 231 909 curiae
252 869 458 908 stantium
490 871 762 920 cognatorum
793 871 1029 907 nostrorum
1051 870 1407 921 exspectantium-

88 936 185 979 'que
220 939 462 990 responsum
493 930 690 964 vestium.
753 925 892 972 Quum
923 926 956 964 ii
981 939 1055 977 pro
1089 926 1211 965 nobis
1247 940 1406 979 proque

104 985 171 1033 iis,
207 985 280 1035 qui
321 983 487 1030 absunt,
523 983 583 1021 ita
624 984 808 1034 suspensi
851 996 897 1022 ac
931 983 1103 1022 solliciti
1146 984 1245 1033 sint,
1278 997 1405 1035 quem

105 1041 284 1080 censetis
314 1041 506 1079 animum
541 1041 726 1092 ipsoriun
758 1053 858 1087 esse,
879 1054 1057 1092 (1110111111
1089 1041 1133 1079 111
1164 1041 1405 1080 discrimine

106 1100 195 1137 vita
226 1098 481 1149 libertasque
512 1097 610 1136 est?
658 1098 718 1136 17.
751 1097 833 1136 Sed
864 1099 913 1145 si,
934 1111 1001 1136 me
1033 1098 1128 1137 dius
1159 1098 1296 1147 fidius,
1317 1099 1406 1150 ipse

104 1157 148 1194 in
172 1169 245 1194 nos
266 1156 384 1194 mitis
404 1154 620 1194 Hannibal
652 1158 796 1193 contra
825 1160 1020 1193 naturam
1041 1169 1159 1194 5113111
1180 1169 1266 1195 0550
1286 1155 1410 1204 velit,

104 1213 216 1252 nihil
256 1217 399 1252 tamen
440 1212 560 1251 nobis
602 1213 688 1250 vita
725 1225 826 1264 opus
862 1226 948 1251 esse
989 1226 1242 1262 censeamus,
1275 1226 1406 1265 quum

105 1271 289 1322 indigni,
330 1273 380 1308 ut
430 1270 732 1309 redimeremur
771 1282 796 1307 a
836 1269 966 1318 vobis,
1009 1271 1086 1308 visi
1134 1270 1275 1309 simus.
1341 1272 1403 1308 18.

105 1327 284 1368 Redieie
306 1327 484 1366 Romam
505 1326 716 1379 quondam
738 1327 900 1365 remissi
922 1340 946 1365 a
976 1327 1136 1378 Pyrrho
1159 1328 1248 1366 sine
1270 1328 1408 1379 pretio

105 1385 244 1438 capti3
281 1384 352 1424 sed
384 1384 544 1423 rediere
584 1396 680 1422 cum
716 1383 885 1448 legatis,
921 1384 1175 1449 primmibus
1206 1385 1411 1433 civitatis,

105 1442 158 1482 ad
193 1442 456 1482 iedimendos
488 1454 574 1481 sese
610 1441 761 1480 11115515.
822 1441 1007 1481 Redeam
1040 1455 1118 1494 ego
1149 1442 1195 1480 in
1226 1442 1409 1494 patriam

105 1500 306 1539 trecentis
348 1499 533 1538 nummis
582 1511 667 1537 non
716 1499 949 1538 aestimatus
990 1499 1125 1538 civis?
1171 1501 1234 1539 19.
1274 1499 1407 1539 Suum

104 1559 283 1610 quisque
325 1556 453 1595 habet
493 1556 697 1603 animum,
733 1560 871 1607 patres
912 1557 1153 1608 conscripti.
1227 1556 1322 1597 Scio
1363 1557 1408 1595 in

104 1615 348 1654 discrimine
382 1627 469 1653 esse
510 1614 643 1652 vitam
684 1626 914 1665 corpusque
955 1627 1122 1660 meum3
1166 1615 1300 1666 magis
1339 1627 1408 1652 me

105 1672 228 1711 famae
249 1671 483 1724 periculum
504 1673 661 1718 movet,
684 1683 736 1709 ne
767 1683 792 1708 a
822 1670 938 1709 vobis
970 1671 1158 1709 damnati
1181 1684 1228 1709 30
1249 1670 1408 1723 repulsi

104 1729 329 1769 abeamus:
372 1741 509 1780 neque
545 1728 660 1767 enim
688 1741 759 1766 vos
790 1728 927 1780 pretio
959 1729 1189 1780 pepercisse
1220 1727 1415 1767 homines

104 1785 314 1826 credent.'’

557 1916 822 1957 CHAPTER
858 1916 948 1954 LX.

103 2008 172 2040 The
187 2006 370 2043 multitude,
388 2005 467 2037 with
483 2004 622 2037 outcries
637 2004 701 2035 and
718 2009 814 2040 10315,
830 2008 956 2036 entreat
971 2003 1025 2035 the
1041 2004 1156 2035 Senate
1172 2009 1206 2035 to
1216 2014 1345 2035 ransom
1356 2003 1418 2035 the

263 2049 415 2090 captives.
461 2048 582 2090 Speech
597 2048 634 2079 of
653 2047 689 2079 T.
710 2047 855 2079 Manlius
872 2048 1170 2088 Torquatus—Re.
1187 2049 1259 2078 216.

196 2130 231 2167 1.
266 2127 348 2167 UBI
377 2127 412 2165 is
448 2125 575 2165 finem
612 2126 727 2173 fecit,
759 2124 968 2177 extemplo
996 2125 1048 2164 ab
1076 2129 1126 2164 05,
1158 2124 1294 2173 turbt-2,
1319 2138 1417 2177 qum

104 2187 147 2225 in
171 2184 343 2224 comitio
372 2186 475 2231 0131,
496 2183 652 2222 clamor
683 2181 833 2221 flebilis
863 2185 927 2221 est
957 2181 1159 2230 sublatus,
1180 2184 1418 2234 mansisque-

103 2244 157 2283 ad
190 2243 349 2282 curiam
383 2240 613 2280 tendebant
646 2244 825 2288 orantes,
856 2243 905 2278 ut
937 2239 1019 2278 sibi
1054 2238 1220 2288 liberos,
1248 2239 1417 2287 fratres‚,

104 2303 317 2353 cognatos,
360 2298 594 2337 redderent.
664 2300 701 2336 2.
735 2297 929 2336 Feminas
979 2309 1144 2349 quoque
1185 2299 1322 2336 metus
1362 2310 1417 2335 ac⁴

105 2358 327 2397 necessitas
349 2356 392 2394 in
411 2355 498 2394 foro
519 2355 654 2394 turbae
671 2355 853 2393 virorum
874 2355 1171 2393 immiscuerat.
1219 2353 1415 2399 Senatus.

102 2414 307 2454 submotis
343 2413 526 2461 arbitris,
548 2411 706 2451 consuli
742 2415 916 2464 coeptus.
978 2413 1017 2450 3.
1050 2411 1118 2450 Ibi
1151 2424 1282 2463 quum
1318 2424 1413 2449 sen--
