1621 2718
184 230 212 267 4
474 228 587 265 ΤΙΤΙ
623 228 764 265 LIVII
801 227 1200 267 HISTORIARUM

187 340 226 378 8.
260 338 401 386 Quum
434 339 576 377 omnia
604 338 895 377 obtinentibus
928 340 1048 391 aquis
1072 339 1200 388 nihil,
1221 340 1294 380 ubi
1315 341 1362 380 in
1383 341 1500 383 sicco

164 396 292 439 ,fessa
320 399 556 435 sternerent
582 408 767 447 corpora,
789 396 971 435 inveniri
1004 399 1157 449 posset,
1190 397 1417 438 cumulatis
1447 400 1495 439 iu

186 458 296 505 aqua
328 453 501 492 sarcinis
531 454 704 505 insuper
734 453 1048 493 incumbebant.
1112 455 1150 493 9.
1191 454 1495 496 Jumentorum

187 510 340 549 itinere
376 513 468 549 toto
501 513 804 562 prostratorum
835 511 989 562 passim
1019 511 1156 550 acervi
1178 514 1361 561 tantum,
1383 513 1493 565 quod

186 571 369 606 exstaret
399 572 522 619 aqua,
545 567 831 618 quaerentibus
856 568 908 606 ad
930 569 1119 620 quietem
1149 569 1270 620 parvi
1290 570 1494 622 temporis

187 625 470 664 necessarium
503 624 642 663 cubile
675 624 846 663 dabant.
911 627 976 665 10.
1009 626 1105 678 Ipse
1136 625 1356 665 Hannibal
1387 640 1497 679 aeger

187 682 320 720 oculis
353 695 403 720 ex
435 686 563 720 verna
603 682 789 733 primum
826 683 1080 736 intemperie
1112 683 1304 722 variante
1339 683 1496 723 calores

187 738 442 791 frigoraque,
464 739 703 791 elephanto,
725 740 798 791 qui
820 753 928 779 unus
956 741 1233 792 superfuerat,
1256 741 1338 792 quo
1367 740 1496 780 altius

187 796 238 834 ab
260 801 369 847 aqua
391 799 574 835 exstaret
594 800 752 843 vectus,
795 799 859 835 11.
882 798 1042 849 vigiliis
1065 803 1209 836 tamen
1230 801 1273 836 et
1288 802 1496 837 nocturno

186 853 361 892 humore
384 853 646 905 palustrique
669 853 773 892 coelo
805 858 1008 906 gravante
1031 859 1172 907 caput,
1194 858 1236 894 et
1257 856 1358 906 quia
1379 855 1502 895 med-

188 910 285 949 endi
307 923 383 949 nec
404 910 518 950 locus
540 924 616 949 nec
638 914 804 963 ternpus
827 916 929 960 erat,
952 913 1084 951 altero
1109 911 1228 951 oculo
1251 913 1430 965 capitur.

652 1090 917 1130 CHAPTER
946 1090 1030 1130 11[.

187 1179 355 1211 Hannibal
371 1180 488 1215 learns
506 1179 647 1218 through
664 1178 715 1209 his
732 1178 854 1215 Scouts,
871 1179 944 1209 that
967 1177 1149 1210 Flaminius
1173 1179 1200 1210 is
1222 1180 1395 1221 encamped
1419 1191 1502 1212 near

228 1223 404 1253 Arretium.
430 1222 580 1253 Marches
597 1222 737 1253 towards
754 1222 896 1253 Faesulae.
931 1222 1016 1263 Lays
1033 1228 1132 1253 waste
1148 1223 1227 1254 with
1239 1224 1296 1254 fire
1312 1223 1376 1254 and
1392 1223 1496 1255 sword

227 1277 248 1296 a
263 1266 351 1305 large
367 1270 451 1296 tract
463 1266 500 1296 of
513 1265 621 1296 fertile
638 1264 792 1305 Country.
826 1265 1036 1306 Indignation
1053 1265 1118 1296 and
1130 1276 1229 1306 anger
1245 1267 1281 1298 of
1300 1266 1494 1299 Flaminius.

227 1308 410 1339 Flaminius
426 1308 573 1348 refusing
595 1316 628 1339 to
644 1308 742 1339 listen
761 1314 793 1339 to
809 1308 949 1348 prudent
964 1310 1121 1345 counsels,
1137 1310 1226 1349 gives
1243 1309 1298 1340 the
1314 1309 1419 1350 signal
1441 1310 1495 1341 for

227 1351 403 1392 Marching
418 1351 483 1382 and
498 1351 663 1391 Fighting.
710 1351 815 1381 When
832 1351 1002 1391 mounting
1018 1352 1069 1382 his
1085 1352 1187 1389 horse,
1205 1352 1233 1383 it
1257 1353 1414 1383 stumbles
1430 1353 1498 1384 and

228 1395 268 1427 he
282 1395 309 1425 is
322 1395 450 1426 thrown
463 1405 539 1425 over
552 1395 594 1425 its
601 1393 695 1425 head.
712 1395 742 1424 A
755 1394 1054 1431 standard-hearer,
1067 1395 1190 1435 though
1200 1395 1296 1435 using
1308 1395 1359 1426 his
1371 1401 1495 1427 utmost

227 1438 346 1475 efforts,
364 1438 483 1469 unable
501 1442 532 1468 to
547 1438 619 1478 pull
635 1438 690 1468 the
705 1437 866 1468 Standard
883 1438 965 1469 from
983 1438 1037 1468 the
1055 1438 1192 1478 ground.
1238 1438 1404 1480 Principal
1420 1450 1495 1471 men

227 1482 264 1512 of
284 1481 339 1512 the
355 1481 481 1512 Roman
498 1491 591 1521 army
606 1480 749 1511 alarmed
762 1486 796 1512 at
813 1481 903 1512 these
920 1482 1049 1512 Orneus.
1089 1481 1157 1512 The
1170 1481 1315 1522 Soldiery
1329 1481 1444 1523 rejoice
1460 1487 1494 1514 at

228 1524 285 1555 the
301 1524 379 1564 high
397 1524 495 1564 spirit
509 1524 547 1555 of
566 1523 652 1554 their
667 1524 988 1556 commander.—B.c.
1006 1527 1078 1557 217.

276 1605 312 1640 1.
346 1602 513 1641 Mnms
553 1602 795 1640 hominibus
835 1601 1126 1654 jumentisque
1166 1601 1276 1641 foede
1315 1603 1493 1652 amissis,

185 1673 316 1712 quum
348 1660 522 1698 tandem
545 1660 595 1698 de
618 1659 842 1711 paludibus
864 1660 1111 1707 emersisset,
1134 1659 1208 1698 ubi
1239 1660 1426 1712 primum
1447 1661 1494 1699 in

184 1718 292 1756 sicco
334 1718 490 1770 potuit,
532 1720 667 1756 castra
707 1717 832 1764 locat⁷
867 1721 1110 1768 certumque
1152 1730 1224 1769 per
1260 1718 1494 1769 praemissos

185 1775 467 1827 exploratores
497 1775 649 1813 habuit
680 1775 913 1813 exercitum
935 1774 1174 1813 Romanum
1205 1775 1315 1813 circa
1336 1774 1496 1814 Arretii

185 1834 340 1872 moenia
361 1846 461 1871 esse.
516 1834 553 1871 2.
577 1831 767 1871 Consulis
789 1832 942 1871 deinde
963 1831 1138 1871 consilia
1159 1834 1286 1884 atque
1302 1832 1494 1872 animum

185 1895 227 1929 et
255 1891 385 1929 situm
418 1890 639 1941 regionum
672 1890 909 1941 itineraque
931 1893 975 1928 et
996 1890 1136 1941 copias
1158 1890 1211 1929 ad
1232 1892 1494 1929 commeatfis

183 1948 466 1999 expediendos
488 1950 532 1986 et
553 1951 704 1995 cetera,
727 1960 820 1999 quae
834 1947 1029 1998 cognosse
1046 1948 1090 1985 in
1106 1960 1195 1985 rem
1212 1950 1315 1995 erat,
1330 1952 1494 1987 summa

185 2006 323 2044 omnia
347 2010 445 2044 cura
468 2005 720 2056 inquirendo
742 2005 1057 2056 exsequebatur.
1121 2006 1158 2043 3.
1192 2004 1324 2056 Regio
1341 2006 1492 2044 eratin

183 2063 330 2115 primis
354 2062 492 2102 Italiae
523 2062 692 2109 fertilis,
714 2062 883 2101 Etrusci
906 2063 1058 2114 campi,
1081 2063 1153 2113 qui
1175 2061 1359 2101 Faesulas
1381 2063 1495 2101 inter

183 2121 483 2172 Arretiumque
512 2119 672 2173 jacent,
707 2120 910 2159 frumenti
944 2133 991 2158 ac
1026 2119 1185 2172 pecoris
1222 2124 1265 2159 et
1301 2120 1492 2159 omnium

182 2179 303 2230 copia
338 2191 476 2217 rerum
508 2177 713 2231 opulenti.
775 2181 814 2216 4.
848 2177 1003 2217 Consul
1036 2177 1153 2217 ferox
1185 2177 1238 2216 ab
1271 2176 1495 2217 consulatu

182 2236 320 2289 priore
357 2240 399 2275 et
428 2247 511 2275 non
542 2236 666 2275 modo
698 2235 840 2288 legum
862 2239 937 2274 aut
958 2239 1128 2287 patrum
1149 2234 1398 2287 majestatis,
1420 2235 1493 2274 sed

181 2307 233 2332 ne
252 2293 425 2333 deorum
439 2293 610 2346 quidem
625 2295 726 2332 satis
740 2296 946 2332 metuens.
990 2293 1111 2332 Hanc
1134 2293 1305 2331 insitam
1320 2293 1492 2345 ingenio

181 2352 271 2404 ejus
302 2352 587 2391 temeritatem
618 2352 787 2390 fortuna
810 2364 1005 2403 prospero
1028 2350 1225 2389 civilibus
1246 2349 1493 2403 bellicisque

181 2409 303 2449 rebus
335 2423 524 2448 successu
555 2409 730 2447 aluerat.
794 2411 831 2447 5.
867 2408 1015 2460 Itaque
1046 2410 1146 2447 satis
1168 2407 1396 2460 apparebat
1416 2420 1492 2447 nec

181 2467 278 2507 deos
329 2480 406 2506 nec
458 2467 651 2506 homiues
693 2466 983 2505 consulentem
1025 2466 1221 2505 ferociter
1262 2466 1403 2504 omnia
1444 2477 1492 2505 ao

181 2537 445 2579 praepropere
467 2528 677 2564 acturum.
733 2525 770 2563 6.
802 2523 977 2575 Quoque
1001 2524 1170 2576 pronior
1191 2527 1299 2562 esset
1320 2523 1362 2561 in
1386 2522 1498 2563 vitia.
