1621 2718
182 197 241 235 20
486 197 598 234 TlTI
635 197 775 233 LIVII
813 196 1208 234 HISTORIARUM

660 363 926 404 CHAPTER
958 364 1050 402 XV.

190 452 324 489 Fabius,
341 452 500 483 unmoved
527 453 571 492 by
587 452 642 483 the
669 451 802 492 opinion
825 450 949 481 formed
977 451 1012 481 of
1032 450 1099 481 him
1116 451 1149 481 in
1177 451 1232 481 the
1257 451 1358 492 Camp
1379 451 1443 482 and
1465 457 1502 483 at

234 495 345 532 Rome,
362 495 500 535 steadily
513 495 646 525 adheres
663 499 697 525 to
714 494 764 524 his
780 494 868 533 plan.
914 495 937 523 A
945 493 1100 524 scertains
1123 493 1265 533 through
1291 494 1404 525 Seouts
1427 495 1501 526 that

235 537 403 568 Hannibal
419 538 447 568 is
462 537 596 577 lofflzing
612 540 667 568 out
693 537 745 567 for
768 537 1055 576 winter-quarters.
1103 536 1258 576 Occupies
1283 537 1401 568 Mount
1427 537 1501 568 Cal-

233 581 332 611 licula
347 581 411 611 and
428 580 619 611 Casilinum.
665 579 767 610 Sends
784 579 819 610 L.
838 579 1001 610 Hostilius
1028 579 1200 610 Mancinus
1217 579 1296 610 with
1320 580 1393 610 four
1419 580 1501 610 hun·

233 623 311 654 drcd
336 623 431 653 horse
453 627 487 654 to
514 622 726 654 reconnoitre.
772 622 945 653 Mancinus
969 622 1191 662 disregarding
1219 622 1269 652 his
1290 622 1502 654 instructions

233 666 310 696 falls
336 676 422 706 upon
448 677 535 697 some
560 665 764 701 Numidiam,
782 665 846 696 and
869 676 1003 706 pursues
1028 665 1116 696 them
1143 666 1263 696 almost
1289 676 1332 705 up
1359 669 1394 697 to
1418 665 1502 697 their

232 719 333 749 camp.
380 708 545 745 Carthalo,
562 709 617 739 the
634 708 838 740 commander
854 709 890 739 of
910 709 965 739 the
982 708 1217 748 Carthaginian
1234 709 1375 748 cavalry,
1393 708 1503 739 sallies

233 756 292 783 out
307 751 371 782 and
388 763 522 792 pursues
549 752 627 783 him.
673 752 844 782 Mancinus
869 752 933 782 and
957 762 1044 783 some
1069 751 1183 792 picked
1200 762 1272 782 men
1300 751 1500 782 surrounded

232 794 296 825 and
313 795 406 825 slain.
439 795 508 826 The
523 794 706 826 remainder
722 795 814 825 make
830 795 914 825 their
930 805 1000 835 way
1017 795 1100 825 back
1111 799 1145 825 to
1161 794 1292 825 Fabius.
1326 794 1501 831 Minucius,

232 838 306 868 who
322 837 384 868 had
402 839 481 869 been
499 842 571 869 sent
588 843 621 869 to
637 838 712 868 take
739 842 826 878 steps
843 842 877 869 to
893 837 1009 868 hinder
1031 837 1199 868 Hannibal
1224 837 1307 868 from
1333 837 1507 878 marching

232 891 317 921 upon
335 881 446 918 Rome,
462 879 582 921 rejoins
599 881 654 912 the
674 881 827 911 Dictator.
873 881 941 911 The
958 881 1084 911 Roman
1100 882 1202 911 forces
1217 880 1353 911 descend
1365 880 1434 912 into
1445 880 1502 911 the

233 923 311 954 rcad
328 924 425 964 along
442 924 545 955 which
561 924 728 955 Hannibal
744 924 772 954 is
788 924 889 954 about
904 928 937 954 to
962 934 1048 964 pass.
1094 923 1162 954 The
1187 934 1301 964 enemy
1317 924 1417 954 about
1440 928 1502 955 two

233 967 326 997 miles
343 968 427 998 from
444 967 650 998 them.-B.c.
670 969 741 1001 217.

273 1046 307 1082 1.
341 1044 510 1092 Funus,
528 1045 686 1096 pariter
702 1045 745 1082 in
761 1057 855 1082 suos
872 1044 983 1082 haud
1001 1044 1141 1082 minus
1155 1045 1284 1095 quam
1299 1044 1345 1083 in
1361 1045 1502 1084 hostes

186 1102 395 1149 intentus,
438 1102 554 1153 prius
596 1101 648 1140 ab
689 1101 776 1139 illis
818 1102 1027 1139 invictum
1069 1102 1260 1139 animum
1312 1105 1498 1153 praestat.

192 1157 457 1209 Quamquam
492 1159 621 1210 probe
654 1159 734 1197 scit
769 1171 851 1196 non
882 1159 926 1196 in
958 1159 1103 1197 castris
1135 1159 1259 1197 modo
1297 1160 1396 1207 suis,
1429 1159 1502 1199 sed

190 1215 276 1267 jam
310 1217 441 1255 etiam
474 1216 618 1255 Romae
652 1216 851 1255 infamem
887 1229 1005 1254 suam
1047 1217 1363 1256 cunctationem
1400 1230 1501 1265 esse,

192 1273 428 1312 obstinatus
472 1276 613 1312 tamen
660 1276 803 1312 tenore
845 1273 991 1312 eodem
1032 1274 1303 1312 consiliorum
1345 1275 1501 1313 aestatis

191 1330 402 1382 reliquum
439 1332 634 1380 extraxit,
697 1333 735 1369 2.
768 1333 816 1369 ut
838 1330 1066 1379 Hannibal,
1089 1331 1315 1370 destitutus
1347 1332 1399 1370 ab
1431 1345 1500 1384 spe

191 1400 456 1440 summopere
482 1389 609 1440 petiti
632 1389 890 1435 certaminis,
906 1388 997 1440 jam
1028 1388 1218 1427 hibernis
1247 1388 1390 1427 locum
1419 1390 1496 1427 cir-

191 1449 521 1496 cumspectaret:
565 1447 665 1497 quia
687 1460 735 1484 ea
755 1446 870 1497 regio
892 1447 1107 1497 praesentis
1133 1451 1223 1484 erat
1251 1447 1395 1498 copiae,
1418 1459 1495 1486 non

192 1506 416 1554 perpetuae,
451 1503 622 1542 arbusta
654 1504 869 1555 vineaeque
907 1507 949 1541 et
986 1505 1147 1542 consita
1184 1504 1325 1542 omnia
1362 1506 1498 1556 magiS

190 1561 381 1607 amoenis,
403 1574 530 1612 quam
557 1562 810 1607 necessariis,
834 1561 1054 1599 fructibus.
1117 1560 1220 1600 Haec
1241 1575 1314 1613 per
1337 1561 1500 1613 explor—

190 1620 326 1656 atores
348 1618 479 1656 relata
502 1618 644 1657 Fabio.
709 1621 746 1657 3.
781 1618 919 1665 Quum
941 1619 1040 1657 satis
1072 1619 1196 1657 sciret
1228 1632 1300 1671 per
1331 1618 1500 1672 easdem

188 1675 418 1726 angustias,
451 1675 604 1727 quibus
629 1676 860 1714 intraverat
893 1675 1118 1714 Falernum
1154 1689 1315 1728 agrum,
1340 1677 1500 1715 reditu-

190 1745 296 1778 rum,
320 1732 570 1772 Calliculam
592 1737 781 1772 montem
804 1737 846 1772 et
870 1732 1100 1772 Casilinum
1123 1737 1300 1786 occupat
1321 1734 1498 1773 modicis

190 1790 408 1841 praesidiis,
431 1803 525 1842 quae
547 1791 644 1829 urbs
666 1791 877 1829 Vulturno
900 1790 1074 1830 flumine
1095 1791 1304 1843 dirempta
1326 1791 1483 1830 Falern-

189 1860 260 1885 um
283 1860 307 1885 a
329 1846 541 1899 Campano
573 1862 671 1900 agro
693 1848 874 1896 dividit3
928 1850 968 1888 4.
1001 1849 1088 1900 ipse
1113 1848 1233 1901 jugis
1265 1848 1397 1888 isdem
1429 1862 1498 1888 ex-

188 1905 370 1943 ercitum
392 1905 570 1952 reducit,
592 1907 718 1944 misso
749 1905 1014 1957 exploratum
1047 1919 1140 1944 cum
1174 1907 1497 1958 quadringentis

188 1962 404 2014 equitibus
441 1963 647 2001 sociormn
684 1963 731 2001 L.
765 1962 950 2001 Hostilio
984 1963 1194 2002 Mancino.
1258 1966 1296 2002 5.
1331 1964 1424 2011 Qui,
1447 1977 1496 2003 ex

182 2019 312 2059 turb-a
328 2020 534 2071 juvenum
548 2021 815 2060 audientium
833 2022 952 2072 saepe
966 2021 1160 2059 ferociter
1177 2022 1494 2061 concionantem

189 2078 438 2127 magistrum
488 2079 696 2129 equitum,
748 2091 986 2131 progressus
1032 2079 1167 2130 primo
1222 2078 1496 2131 exploratoris

189 2135 322 2181 modo,
346 2139 393 2173 ut
414 2149 464 2174 ex
485 2138 579 2174 tuto
601 2135 880 2188 specularetur
902 2136 1079 2183 hostem,
1101 2136 1170 2175 ubi
1198 2150 1320 2188 vagos
1340 2137 1495 2189 passim

187 2204 257 2243 per
281 2193 392 2231 vicos
415 2193 620 2232 Numidas
642 2194 765 2242 vidit,
788 2207 861 2246 per
893 2195 1151 2233 occasionem
1182 2195 1312 2233 etiam
1344 2207 1495 2246 paucos

185 2250 355 2288 occidit.
420 2251 457 2289 6.
492 2251 716 2303 Extemplo
739 2255 964 2303 occupatus
987 2253 1215 2291 certamine
1236 2255 1300 2291 est
1313 2253 1493 2298 animus,

183 2307 513 2360 excideruntque
550 2312 758 2362 praecepta
791 2309 1025 2357 dictatoris,
1047 2310 1136 2361 qui,
1159 2311 1367 2361 quantam
1399 2310 1494 2349 tuto

185 2369 337 2416 posset,
360 2379 625 2418 progressum
656 2368 773 2419 prius
805 2367 989 2418 recipere
1021 2380 1105 2406 sese
1135 2366 1332 2419 jusserat,
1365 2369 1492 2419 quam

177 2421 225 2460 in
248 2427 515 2475 conspectum
538 2424 724 2463 hostium
748 2426 922 2463 veniret.
976 2424 1014 2464 7.
1047 2424 1245 2464 Numidae
1267 2424 1340 2463 alii
1364 2429 1492 2476 atque

176 2478 252 2518 alii
278 2485 542 2521 occursantes
566 2482 902 2534 refugientesque
916 2481 968 2520 ad
984 2485 1118 2521 castra
1132 2496 1259 2535 prope
1284 2483 1373 2535 ipsa
1395 2495 1495 2522 eum
