1621 2718
210 231 266 270 26
501 232 614 270 ΤΙΤΙ
650 233 791 271 LIVII
827 234 1222 274 HISTORIARUM

261 340 326 371 and
341 345 432 381 gates
456 351 511 372 are
535 341 626 372 fired.
682 342 713 372 A
737 343 827 382 large
850 343 1001 383 quantity
1022 344 1059 374 of
1078 343 1344 384 Spanish-broom
1365 344 1472 376 stol-ed
1491 349 1526 376 at

258 383 461 423 Longuntica
476 385 528 415 for
542 384 597 414 the
613 395 669 415 use
686 385 722 415 of
735 385 790 415 the
806 385 1042 425 Carthaginian
1065 397 1151 426 navy
1166 386 1194 417 is
1209 387 1322 424 seized,
1339 387 1404 418 and
1437 388 1525 418 what

257 426 286 457 is
302 431 359 457 not
374 426 496 457 needed
511 428 554 468 by
570 427 624 458 the
640 427 782 458 Romans
800 428 827 458 is
843 428 949 459 burnt.
973 428 1079 468 Scipio
1090 429 1240 469 proceeds
1253 434 1286 460 to
1299 430 1354 462 the
1368 430 1477 461 island
1493 430 1529 461 of

259 469 400 506 Ebusus,
412 469 486 505 and,
500 470 585 500 after
600 470 821 510 ineffectually
834 470 1002 511 besieging
1017 471 1060 502 its
1076 471 1165 502 chief
1183 477 1269 503 town
1282 473 1335 504 for
1354 477 1418 504 two
1433 473 1524 513 days,

260 512 397 552 pillages
413 512 469 543 the
484 512 633 551 adjacent
647 513 784 547 district,
802 513 865 543 and
890 514 990 544 burns
1006 515 1129 545 several
1147 514 1292 555 villages.
1348 516 1523 546 Ambassa-

259 554 334 585 dors
348 554 432 585 from
448 554 504 585 the
519 555 666 586 Balearic
680 555 804 586 islands
826 567 882 586 sue
904 557 954 586 for
978 567 1080 596 peace.
1125 557 1228 598 Many
1251 558 1288 588 of
1307 557 1362 588 the
1385 558 1526 599 Spanish

259 597 388 637 peoples
404 597 478 637 give
500 598 648 637 hostages
664 603 698 629 to
714 598 829 639 Scipio.
875 599 982 640 Scipio
1008 599 1143 639 landing
1169 600 1220 630 his
1244 605 1355 641 troops
1380 601 1526 632 marches

259 639 401 671 towards
419 640 473 671 the
490 640 603 671 Forest
619 641 655 672 of
675 641 818 673 Castulo.
864 642 1054 673 Hasdrubal
1070 642 1255 674 withdraws
1266 643 1334 675 into
1345 643 1525 676 Lusitania.

260 692 365 713 —B.c.
383 685 455 717 217.

309 745 344 782 1.
375 743 562 793 ΒΟΜΑΝΙ,
577 758 832 797 quamquam
846 749 957 785 terra
973 746 1160 785 hostium
1182 749 1284 794 erat,
1299 751 1528 786 armatam-

216 814 299 852 que
336 801 471 839 aciem
505 804 595 841 toto
629 807 879 854 praetentam
910 804 956 842 in
988 803 1112 843 litore
1144 804 1383 852 cernebant,
1411 804 1526 843 haud

217 861 465 897 cunctanter
495 859 709 911 insequuti
741 860 950 912 trepidam
981 861 1168 900 hostium
1196 861 1381 909 classem,
1398 875 1528 900 naves

218 928 375 964 omnes,
409 918 446 954 2.
480 929 572 967 quae
593 930 677 955 non
694 921 768 955 aut
785 917 1073 969 perfregerant
1089 931 1229 971 proras
1243 918 1361 957 litori
1378 918 1526 964 illisas,

218 976 293 1011 aut
323 973 484 1011 carinas
506 973 684 1012 fixerant
707 975 835 1022 vadis,
858 974 1056 1027 religatas
1086 975 1299 1027 puppibus
1322 977 1367 1014 in
1388 976 1525 1015 altum

216 1033 457 1075 extraxere3
489 1031 542 1069 ad
572 1032 760 1082 quinque
792 1035 836 1070 et
865 1032 1020 1083 viginti
1040 1045 1164 1071 naves
1194 1046 1216 1071 e
1247 1033 1527 1084 quadraginta

216 1100 374 1139 cepere.
439 1090 476 1126 3.
508 1088 655 1140 Neque
676 1089 721 1127 id
742 1089 1076 1140 pulcherrimum
1107 1089 1196 1142 ejus
1218 1090 1406 1129 victoriae
1427 1090 1527 1138 fuit,

218 1145 290 1184 sed
330 1145 444 1196 qubd
479 1150 564 1184 una
601 1145 684 1184 levi
717 1151 860 1197 pugna
891 1150 983 1185 toto
1014 1146 1104 1198 ejus
1140 1160 1222 1186 01·ae
1256 1148 1363 1185 mari
1396 1147 1527 1199 potiti

217 1205 350 1241 erant.
412 1203 565 1254 Itaque
586 1203 638 1242 ad
662 1202 846 1243 Onusam
869 1204 998 1242 classe
1019 1205 1233 1256 provecti3
1266 1205 1449 1243 escensio
1472 1205 1528 1243 ab

216 1260 393 1299 navibus
414 1261 459 1299 in
480 1263 637 1299 terram
659 1261 783 1299 facta.
845 1264 884 1299 4.
918 1261 1059 1308 Quum
1080 1262 1229 1300 urbem
1251 1263 1293 1300 vi
1315 1263 1528 1314 cepissent

217 1328 469 1370 captamque
501 1319 789 1370 diripuissent,
823 1318 1122 1371 Carthaginem
1158 1319 1257 1358 inde
1290 1322 1455 1371 petunt,
1486 1321 1525 1358 5.

217 1379 344 1427 atque
376 1389 545 1415 omnem
578 1377 689 1414 circa
721 1389 870 1428 agrum
901 1376 1150 1428 depopulati
1182 1377 1392 1428 postremo
1413 1380 1526 1416 tecta

216 1446 383 1486 quoque
405 1433 496 1486 conj
504 1436 630 1472 uncta
643 1447 763 1472 muso
781 1434 995 1485 portisque
1009 1433 1300 1473 incenderunt.
1350 1435 1387 1472 6.
1422 1434 1530 1473 Inde

217 1490 303 1533 iam
325 1492 466 1543 praeda
485 1491 623 1543 gravis
644 1491 697 1529 ad
719 1491 1030 1543 Longunticam
1062 1492 1257 1543 pervenit
1277 1491 1430 1539 classis,
1452 1492 1526 1530 ubi

217 1549 279 1587 vis
299 1562 453 1601 magna
474 1549 603 1600 sparti
625 1549 678 1587 ad
699 1562 787 1587 rem
808 1550 1022 1588 nauticam
1044 1552 1242 1601 congesta
1263 1548 1316 1587 ab
1338 1548 1528 1588 Hasdru-

216 1606 323 1645 bale.
385 1606 506 1654 Quod
528 1608 629 1645 satis
650 1607 839 1652 inhusum
870 1606 968 1653 fuit,
991 1606 1169 1653 sublato,
1192 1611 1380 1645 ceterum
1402 1620 1528 1646 omne

215 1665 436 1703 incensum
457 1666 533 1703 est.
596 1664 634 1703 7.
666 1663 754 1702 Nec
785 1664 1042 1703 continentis
1063 1664 1187 1703 modo
1210 1663 1414 1716 projectas
1437 1677 1528 1703 oras

215 1724 502 1774 praetervecta,
517 1721 587 1760 sed
608 1722 654 1759 in
675 1720 864 1760 Ebusum
887 1721 1069 1760 insulam
1090 1722 1382 1760 transmissum
1458 1721 1525 1760 Ibi

216 1779 333 1827 urbe,
351 1793 445 1831 quae
466 1781 593 1831 caput
617 1778 765 1817 insulae
787 1783 863 1826 est,
887 1779 1064 1818 biduum
1086 1779 1346 1830 nequiquam
1362 1792 1532 1818 summo

215 1837 357 1876 labore
388 1839 643 1889 oppugnata,
667 1838 705 1875 8.
737 1836 811 1875 ubi
843 1837 888 1874 in
918 1849 1033 1888 spem
1064 1837 1229 1875 irritam
1261 1836 1415 1875 frustra
1445 1837 1527 1875 teri

215 1898 383 1947 tempus
403 1894 739 1933 animadversum
770 1897 847 1942 est,
868 1894 920 1932 ad
950 1894 1272 1946 populationem
1291 1894 1382 1946 agri
1403 1894 1527 1941 versi,

217 1953 395 2005 direptis
426 1951 590 2004 aliquot
611 1952 872 2003 incensisque
905 1952 1019 1999 vicis,
1045 1954 1081 1990 9.
1115 1951 1286 2002 majore,
1318 1953 1444 2002 quam
1476 1964 1527 1990 ex

217 2010 468 2058 continenti,
489 2009 629 2061 praeda
651 2012 784 2061 parti,
806 2022 936 2060 quum
968 2010 1011 2047 in
1044 2022 1167 2047 naves
1189 2022 1231 2047 se
1254 2010 1524 2060 recepissent,

216 2081 266 2107 ex
288 2067 526 2107 Baliaribus
540 2066 687 2106 insulis
701 2066 832 2118 legati
845 2079 990 2118 pacem
1007 2070 1196 2118 petentes
1214 2066 1266 2105 ad
1282 2066 1526 2118 Scipionem

217 2129 434 2164 venerunt.
500 2127 564 2163 10.
598 2124 703 2163 Inde
734 2123 838 2162 flexa
869 2129 979 2162 retro
1002 2123 1155 2170 classis,
1179 2123 1447 2175 reditumque
1478 2124 1526 2162 in

217 2184 413 2222 citeriora
426 2182 665 2235 provinciae,
679 2182 760 2233 quo
778 2182 965 2219 omnium
980 2181 1247 2233 populorum,
1262 2181 1335 2233 qui
1351 2181 1524 2220 Iberum

216 2240 425 2287 accolunt,
447 2239 679 2278 multorum
701 2242 743 2278 et
766 2238 927 2278 ultimae
945 2239 1161 2290 Hispaniae
1176 2238 1306 2290 legati
1332 2251 1531 2277 concurr-

217 2301 352 2337 erunt.
420 2300 483 2336 ll.
516 2297 596 2336 Sed
629 2298 702 2348 qui
735 2297 829 2335 vere
854 2297 1030 2335 ditionis
1058 2297 1312 2348 imperiique
1344 2296 1523 2335 Romani

216 2357 319 2396 facti
341 2358 453 2403 sunt,
476 2354 689 2393 obsidibus
711 2354 834 2401 datis,
851 2353 1011 2406 populi,
1034 2354 1215 2405 amplius
1237 2354 1409 2392 fuerunt
1429 2366 1531 2392 cen-

215 2419 308 2454 tum
330 2414 501 2466 viginti.
552 2414 616 2450 12.
650 2412 789 2463 Igitur
805 2412 1071 2450 terrestribus
1087 2424 1255 2463 quoque
1272 2411 1404 2463 copiis
1424 2412 1525 2449 satis

216 2472 347 2512 fidens
361 2471 576 2510 Romanus
598 2483 728 2521 usque
745 2469 795 2507 ad
813 2469 967 2507 saltum
990 2468 1330 2509 Castulonensem
1345 2471 1408 2507 est
1429 2481 1524 2520 pro-

214 2544 389 2582 gressus.
442 2527 677 2567 Hasdrubal
700 2528 742 2565 in
767 2527 1028 2565 Lusitaniam
1052 2541 1097 2565 uc
1120 2526 1290 2578 propius
1313 2525 1527 2565 Oceanum

213 2588 391 2627 concessi
400 2591 429 2625 t..
