1621 2718
181 188 231 225 36
450 187 593 240 ,ΤΙΤΙ
629 188 763 225 LIVl]
807 187 1197 226 HISTORIARUM

186 311 272 336 non
312 301 402 336 tam
443 311 592 350 capere
626 298 716 336 sine
751 298 981 337 certamine
1016 297 1182 337 volebat
1217 297 1497 336 Hannibal—

184 368 442 406 quamquam
463 354 508 393 id
530 367 664 406 operae
693 355 881 406 pretium
911 356 1187 406 erat—quam
1218 367 1385 393 causam
1406 368 1495 393 cer-

186 412 360 450 taminis
385 425 482 450 cum
514 411 720 458 Minucio,
742 424 869 462 quem
899 424 1195 462 procursurum
1216 411 1269 449 ad
1290 410 1495 450 obsisten-

186 469 290 507 dum
312 470 413 507 satis
435 468 610 516 sciebat,
633 468 890 506 contrahere.
954 470 991 506 5.
1025 468 1134 519 Ager
1165 468 1299 506 omnis
1328 468 1495 507 medius

186 529 276 564 erat
306 526 444 577 prima
474 526 611 576 specie
642 524 809 563 inutilis
840 524 1093 569 insidiatori,
1125 525 1224 576 quia
1254 537 1339 563 non
1369 525 1493 563 modo

186 582 375 621 silvestre
412 582 650 633 quicquam,
673 581 743 620 sed
773 594 826 619 ne
857 582 1054 633 vepribus
1086 582 1258 633 quidem
1290 582 1494 620 vestitum

188 640 397 686 habebat3
441 639 478 677 6.
511 652 554 677 re
576 640 666 690 ipsa
697 642 819 677 natus
850 639 1042 691 tegendis
1073 638 1252 685 insidiis,
1275 639 1322 676 eo
1344 639 1494 690 magis,

184 696 299 747 quod
319 697 365 736 in
386 695 500 734 nuda
520 696 629 734 valle
656 695 776 734 nulla
805 695 903 734 talis
933 696 1044 734 fraus
1066 696 1208 734 timeri
1230 699 1420 747 poterat3
1451 700 1493 735 et

186 756 306 792 erant
344 754 389 792 in
421 753 679 791 anfractibus
713 766 823 792 cavae
864 766 999 805 rupes,
1033 757 1082 791 ut
1118 753 1309 805 quaedam
1350 766 1494 792 earum

188 811 370 850 ducenos
401 813 582 849 armatos
612 814 781 862 possent
817 822 974 861 capere.
1037 811 1075 850 7.
1108 810 1159 848 In
1195 810 1268 848 has
1300 809 1494 859 latebras,

191 871 293 920 quot
323 880 532 921 quemque
562 867 702 906 locum
734 868 831 918 apte
861 867 1043 906 insidere
1074 871 1285 919 poterant,
1308 869 1494 919 quinque

188 924 327 963 millia
377 925 617 963 condrmtur
658 924 850 976 peditum
893 925 1182 976 equitumque.
1261 927 1298 962 8.
1332 925 1494 963 Necubi

189 985 335 1021 tamen
367 985 442 1020 aut
477 985 617 1020 motus
652 981 830 1033 alicujus
865 985 1023 1020 temere
1060 982 1213 1033 egressi
1247 985 1320 1019 aut
1356 982 1496 1033 fulgor

186 1052 403 1077 armorum
423 1039 613 1077 fraudem
634 1039 678 1076 in
700 1038 809 1077 valle
831 1042 920 1076 tam
941 1042 1087 1090 aperta
1108 1039 1336 1090 detegeret,
1359 1040 1495 1078 missis

191 1097 334 1148 paucis
356 1097 494 1148 prima
515 1096 607 1134 luce
638 1096 691 1134 ad
723 1096 987 1147 capiendum,
1010 1109 1136 1148 quem
1167 1099 1265 1134 ante
1296 1096 1495 1144 diximus,

191 1153 420 1201 tumulum,
461 1154 617 1192 avertit
657 1152 797 1192 oculos
838 1153 1036 1192 hostium.
1100 1155 1137 1192 9.
1171 1152 1313 1191 Primo
1349 1154 1506 1195 statim¹

190 1214 417 1263 conspectu
438 1212 680 1262 contempta
712 1211 915 1261 paucitas,
938 1223 985 1248 ac
1007 1211 1087 1249 sibi
1113 1211 1289 1262 quisque
1325 1210 1496 1262 deposc-

189 1282 258 1307 ere
280 1268 494 1320 pellendos
515 1268 615 1306 inde
639 1268 791 1306 hostes.
852 1268 917 1306 Ad
952 1267 1092 1306 locum
1125 1267 1375 1318 capiendum
1411 1268 1496 1306 dux

192 1339 280 1377 (pse
301 1327 414 1364 inter
444 1325 737 1364 stolidissimos
769 1325 1127 1377 ferocissimosque
1149 1325 1201 1363 ad
1222 1337 1338 1362 arma
1358 1328 1495 1373 vocat,

190 1387 234 1422 et
256 1384 375 1422 vanis
396 1383 550 1421 animis
581 1386 624 1421 et
654 1382 780 1420 minis
811 1383 1001 1434 increpat
1032 1383 1209 1421 hostem.
1275 1384 1339 1421 10.
1371 1381 1496 1421 Prin-

187 1441 299 1492 cipio
320 1441 456 1479 levem
476 1443 733 1478 armaturam
746 1439 944 1487 dimittit,
958 1440 1110 1478 deinde
1125 1440 1312 1478 conferto
1325 1440 1495 1491 agmine

192 1498 332 1536 mittit
364 1498 555 1548 equites3
578 1497 801 1548 postremo,
828 1510 957 1548 quum
986 1497 1175 1536 hostibus
1203 1510 1368 1548 quoque
1399 1497 1496 1536 sub-

190 1555 297 1593 sidia
319 1555 438 1593 mitti
459 1555 635 1601 videret,
657 1555 873 1592 instructis
904 1554 1139 1606 legionibus
1170 1554 1372 1606 procedit.
1428 1556 1493 1593 11.

190 1612 247 1650 Et
270 1611 486 1650 Hannibal
507 1611 794 1650 laborantibus
817 1612 900 1649 suis
922 1611 1005 1650 alia
1027 1618 1152 1664 atque
1169 1611 1266 1660 alia,
1283 1616 1495 1650 crescente

190 1669 434 1717 certamine,
468 1670 644 1707 mittens
680 1668 838 1707 auxilia
868 1669 1060 1720 peditum
1097 1670 1373 1721 equitumque
1402 1669 1494 1721 jam

184 1727 345 1778 justam
387 1726 625 1778 expleverat
660 1726 807 1773 aciem,
849 1739 896 1764 ac
936 1727 1038 1764 totis
1079 1727 1294 1778 utrimque
1336 1726 1496 1765 viribus

188 1784 440 1823 certabatur.
498 1786 560 1822 12.
594 1783 738 1821 Prima
786 1783 890 1822 levis
935 1788 1148 1822 armatura
1194 1783 1494 1833 Romanorum,

189 1844 529 1893 przeoccupatun:
550 1841 744 1879 inferiore
766 1841 856 1879 loco
879 1841 1100 1880 succedens
1128 1841 1355 1890 tumulum,
1377 1840 1496 1893 pulsa

188 1899 441 1950 detrusaque
473 1901 674 1936 terrorem
707 1899 751 1936 in
786 1898 1079 1937 succedentem
1113 1898 1261 1937 intulit-
1293 1900 1494 1950 equitem,

187 1959 233 1994 et
254 1955 305 1993 ad
329 1956 448 2007 signa
468 1955 683 2007 legionum
705 1955 876 2006 refugit.
933 1958 996 1994 13.
1030 1955 1230 1995 Peditum
1253 1957 1360 1995 acies
1382 1956 1496 1995 inter

190 2013 399 2064 perculsos
420 2012 620 2065 inpavida
648 2012 734 2051 sola
762 2018 865 2060 erat,
887 2012 1203 2065 videbaturque,
1226 2014 1258 2051 si
1282 2013 1399 2065 justa
1420 2016 1493 2053 aut

189 2071 224 2108 si
246 2076 360 2108 recta
382 2083 524 2122 pugna
548 2073 670 2118 esset,
692 2070 1013 2121 haudquaquam
1036 2071 1156 2122 inpar
1177 2071 1347 2109 futura:
1381 2074 1476 2109 tant

190 2141 262 2165 um
308 2128 546 2166 animorum
583 2127 740 2165 fecerat
770 2128 964 2179 prospere
1000 2130 1097 2166 ante
1131 2140 1282 2179 paucos
1312 2128 1400 2167 dies
1431 2141 1495 2167 res

190 2188 318 2235 gesta.
376 2187 439 2223 14.
473 2184 555 2224 Sed
577 2185 710 2223 exorti
733 2185 903 2236 repente
928 2185 1193 2223 insidiatores
1215 2199 1312 2225 eum
1333 2185 1475 2224 tumul

189 2246 282 2280 tum
304 2245 591 2294 terroremque
614 2243 658 2280 in
681 2241 812 2281 latera
829 2242 1043 2293 utrimque
1064 2241 1116 2281 ab
1137 2247 1339 2295 tergoque
1355 2243 1495 2281 incur-

188 2301 328 2337 santes
349 2299 553 2346 fecerunt,
574 2303 623 2337 ut
645 2312 781 2351 noque
803 2299 967 2338 animus
988 2299 1039 2338 ad
1062 2312 1262 2351 pugnam.
1284 2312 1419 2355 neque
1440 2299 1496 2340 ad

188 2356 332 2407 fugam
355 2369 459 2408 spes,
482 2357 680 2408 cuiquam
701 2360 944 2410 superesset.
