1621 2718
355 156 526 194 LIBER
556 156 695 195 XXII.
751 157 869 196 CAP.
898 157 1103 195 XXXIII.
1334 159 1386 197 41

73 270 243 320 plorum
265 269 474 315 ornatum,
488 269 581 306 tum
595 267 649 307 ad
668 266 905 307 subsidium
921 267 1101 307 fortunae
1115 281 1140 307 a
1153 267 1385 320 majoribus

76 323 273 364 relictum
307 323 430 372 foret,
451 337 499 363 eo
526 323 676 377 juvare
708 324 913 377 populum
949 324 1201 364 Romanum.
1265 325 1304 365 7.
1338 325 1384 365 Si

70 394 206 434 quam
227 394 348 434 opem
370 382 416 420 in
437 394 522 421 sese
544 381 775 429 crederent,
792 382 938 422 eodem
959 382 1099 421 studio
1120 382 1249 421 fuisse
1270 382 1385 421 obla-

77 441 207 478 turos.
270 437 450 478 Gratum
481 439 562 478 sibi
592 443 731 491 patres
753 439 962 479 Romanos
985 438 1268 492 populumque
1300 439 1386 478 fac-

74 499 236 544 turum,
258 496 293 535 si
314 509 456 535 omnes
478 509 541 536 res
561 496 939 548 Neapolitanorum
960 509 1053 536 suas
1069 496 1283 536 duxissent
1302 511 1311 543 3
1345 499 1384 535 8.

73 552 309 606 dignosque
334 553 637 605 judicaverint,
668 553 721 592 ab
762 553 912 606 quibus
953 553 1124 602 donum,
1155 554 1296 593 animo
1338 567 1386 592 ac

76 610 295 649 voluntate
316 623 476 657 eorum,
498 612 571 662 qui
605 610 786 650 libentes
821 611 985 659 darent,
1007 613 1134 663 quam
1168 624 1212 650 re
1248 611 1386 663 majus

72 667 357 720 ampliusque,
390 668 642 720 acciperent.
718 669 756 707 9.
787 667 962 720 Legatis
994 668 1141 720 gratiae
1176 671 1280 708 actae
1310 681 1387 733 pro

74 723 371 764 munificentia
411 737 620 777 curaque·
611 756 621 773 ,
662 728 821 777 patera,
857 738 952 777 quae
985 724 1183 777 ponderis
1214 725 1386 764 minimi

74 781 174 830 fuit,
196 786 381 834 accepta.

474 912 742 954 CHAPTER
770 913 987 953 XXXIII.

75 1003 108 1034 A
125 1001 360 1043 Carthaginian
377 1013 437 1044 spy
454 1003 598 1034 detected
615 1004 649 1034 in
661 1003 773 1034 Romo.
819 1003 896 1034 Scnt
913 1012 1004 1043 away
1019 1002 1104 1033 after
1129 1002 1181 1033 his
1204 1002 1308 1034 hands
1332 1013 1388 1034 are

120 1050 176 1077 cut
199 1046 252 1077 off.
309 1046 522 1087 Twenty-five
546 1046 652 1077 slaves
680 1046 762 1077 form
783 1056 803 1076 a
829 1045 1017 1086 conspiracy
1046 1045 1111 1076 and
1141 1056 1195 1076 are
1225 1045 1386 1078 erucified.

119 1089 246 1121 Roman
263 1089 500 1120 Ambassadors
522 1093 593 1120 sent
607 1094 641 1120 to
661 1088 783 1129 Philip,
806 1088 898 1129 King
919 1089 955 1119 of
973 1088 1141 1126 Macedon,
1157 1088 1212 1119 the
1238 1089 1386 1129 Ligfires,

120 1131 184 1162 and
197 1131 319 1163 Pineus
332 1132 413 1172 king
429 1133 465 1162 of
485 1131 611 1172 Illyria.
663 1131 842 1162 Duumvirs
868 1131 1042 1172 appointed
1070 1138 1103 1162 to
1119 1132 1194 1162 take
1219 1131 1274 1162 the
1299 1137 1388 1172 steps

119 1185 288 1216 necessary
304 1175 355 1205 for
378 1175 529 1215 lmilding
543 1174 599 1205 the
625 1175 757 1215 Temple
773 1175 809 1205 of
829 1174 981 1211 Concord,
993 1174 1097 1205 which
1115 1174 1178 1204 had
1196 1174 1275 1205 been
1292 1174 1388 1205 voted

118 1223 183 1249 two
206 1228 300 1258 years
324 1218 443 1249 before.
489 1217 558 1248 The
585 1217 723 1249 Consule
740 1217 838 1257 being
853 1217 972 1248 unable
987 1222 1021 1248 to
1038 1217 1126 1248 leave
1147 1217 1233 1248 their
1247 1217 1386 1253 Armies‚

119 1270 140 1291 a
155 1260 304 1292 Dictator
318 1260 346 1291 is
362 1260 536 1301 appointed
552 1261 603 1291 for
618 1260 673 1291 the
689 1270 827 1301 purpose
843 1260 880 1291 of
899 1259 1035 1300 holding
1050 1259 1106 1290 the
1123 1259 1272 1291 Comitia.
1318 1259 1388 1291 The

117 1303 255 1335 election
272 1303 371 1343 being
386 1303 500 1344 faulty,
516 1303 570 1334 the
583 1302 730 1334 Dictator
741 1303 804 1333 and
821 1302 876 1334 the
886 1303 1012 1334 Mastcr
1026 1303 1064 1333 of
1076 1302 1132 1333 the
1148 1302 1265 1340 Horse,
1283 1302 1388 1334 whom

118 1346 159 1378 he
174 1346 239 1378 had
255 1346 440 1387 appointed,
457 1345 564 1386 resign
589 1346 688 1377 office.
734 1346 1076 1386 Interregnum.—13.c.
1094 1347 1166 1379 217.

166 1426 203 1463 1.
233 1423 323 1463 PER
343 1423 509 1462 eosdem
542 1423 630 1463 dies
667 1423 903 1475 speculator
926 1422 1297 1476 Carthaginiensis,
1314 1425 1388 1476 qui

77 1494 154 1535 per
190 1481 408 1520 biennium
441 1480 661 1529 fefellerat,
684 1480 828 1520 Romae
860 1481 1100 1533 deprensus,
1122 1481 1388 1534 praecisisque

74 1538 272 1578 manibus
307 1538 528 1578 dimissus:
573 1540 610 1576 2.
640 1541 684 1577 et
716 1539 824 1577 servi
856 1539 1045 1590 quinque
1078 1543 1121 1577 et
1153 1539 1309 1590 viginti
1342 1539 1387 1577 in

74 1609 243 1636 crucem
266 1596 365 1644 acti,
381 1596 493 1648 quod
514 1596 560 1634 in
579 1594 735 1648 Campo
750 1595 910 1634 Martio
925 1594 1233 1647 conjurassent3
1255 1596 1389 1636 indici

74 1653 176 1693 data
196 1652 370 1692 libertas
387 1657 430 1692 et
447 1653 538 1692 aeris
559 1653 698 1705 gravis
715 1653 868 1704 viginti
889 1651 1038 1691 millia.
1103 1655 1140 1691 3.
1173 1652 1324 1705 Legati
1345 1656 1389 1692 et

75 1710 130 1750 ad
151 1709 401 1762 Philippum
421 1709 702 1749 Macedonum
719 1722 860 1761 regem
882 1710 999 1748 missi
1013 1709 1065 1748 ad
1080 1709 1388 1761 deposcendum

76 1767 343 1807 Demetrium
365 1767 583 1815 Pharium,
605 1767 680 1818 qui
702 1766 812 1806 bello
834 1768 970 1806 victus
991 1767 1043 1805 ad
1066 1780 1161 1806 eum
1185 1767 1387 1819 fugisset3

78 1827 120 1864 4.
151 1828 195 1864 et
216 1824 290 1864 alii
311 1825 352 1863 in
377 1824 552 1876 Ligures
577 1824 629 1863 ad
659 1823 1023 1876 expostulandum,
1058 1824 1170 1876 quod
1205 1824 1388 1863 Poenum

80 1882 231 1935 opibus
252 1881 504 1934 auxiliisque
525 1881 610 1920 suis
625 1881 850 1933 juvissent,
873 1881 1001 1920 simul
1021 1882 1074 1920 ad
1097 1881 1317 1920 visendum
1338 1895 1388 1921 ex

78 1939 328 1992 propinquo,
349 1952 443 1991 quae
470 1939 515 1977 in
552 1938 651 1978 Bois
682 1942 810 1990 atque
846 1939 1093 1978 Insubribus
1128 1942 1387 1991 gererentur.

78 1998 119 2037 5.
151 1996 216 2036 Ad
239 1996 421 2036 Pineum
443 2009 607 2048 quoque
628 2009 771 2048 regem
793 1997 838 2034 in
860 1996 1029 2048 Illyrios
1050 1995 1179 2049 legati
1202 1996 1319 2035 missi
1335 1996 1389 2036 ad

78 2053 357 2106 stipendium,
371 2053 491 2106 cujus
514 2053 600 2092 dies
623 2054 796 2101 exierat,
811 2053 1080 2105 poscendum,
1102 2057 1192 2101 aut,
1216 2054 1250 2092 si
1272 2053 1387 2093 diem

80 2111 265 2164 proferre
304 2111 446 2158 vellet,
491 2110 655 2150 obsides
695 2111 971 2163 accipiendos.
1054 2111 1092 2150 6.
1135 2111 1265 2159 Adeo,
1307 2112 1388 2150 etsi

81 2167 241 2208 bellum
263 2168 412 2220 ingens
434 2169 477 2206 in
500 2167 733 2207 cervicibus
754 2172 858 2217 erat,
879 2167 1040 2206 nullius
1062 2181 1238 2220 usquam
1259 2172 1390 2208 terra-

82 2238 176 2265 rum
189 2226 250 2264 rei
268 2239 366 2264 cura
383 2226 606 2274 Romanos,
623 2239 675 2264 ne
696 2225 926 2277 longinqua
941 2225 1128 2277 quidem,
1146 2225 1389 2278 effugiebat.

81 2282 121 2323 7.
153 2282 205 2322 In
233 2282 482 2335 religionem
510 2283 640 2322 etiam
669 2283 786 2321 venit
818 2283 948 2322 aedem
984 2282 1238 2331 Concordiae,
1260 2296 1390 2334 quam

79 2352 154 2393 per
194 2340 447 2380 seditionem
489 2339 719 2379 militarem
758 2339 930 2379 biennio
970 2341 1069 2379 ante
1110 2339 1158 2379 L.
1202 2340 1391 2379 Manlius

81 2401 235 2450 praetor
266 2398 313 2437 in
348 2397 491 2437 Gallis
513 2398 705 2446 vovisset,
727 2396 908 2436 locatam
944 2397 997 2436 ad
1030 2397 1075 2436 id
1107 2401 1275 2450 tempus
1305 2410 1389 2437 non

78 2467 183 2495 esse.
244 2457 284 2495 8.
330 2455 482 2507 Itaque
515 2455 728 2494 duumviri
763 2454 815 2493 ad
857 2467 950 2494 eam
986 2467 1074 2494 rem
1107 2455 1235 2494 creati
1270 2469 1294 2494 a
1326 2454 1392 2494 M.
