1621 2718
451 168 617 205 LIBER
651 167 790 204 XXII.
847 167 963 204 CAP.
994 167 1106 204 LIII.
1381 168 1431 205 63

119 279 299 328 ditione,
335 283 419 331 qua
454 277 600 326 altera,
636 277 794 316 tradita
825 277 950 315 hosti.
1013 278 1051 316 5.
1096 276 1244 316 Praeda
1285 277 1432 329 ingens

120 340 244 390 parta
263 339 341 386 est,
362 339 406 374 et
426 339 578 388 praeter
598 347 724 387 equos
745 335 937 386 virosque
957 336 1001 372 et
1029 335 1062 373 si
1084 334 1187 386 quid
1208 335 1432 385 argenti—

120 394 234 447 quod
272 393 505 446 plurimum
548 393 592 431 in
633 391 815 444 phaleris
856 404 1058 443 equorum
1098 394 1200 438 erat,
1240 403 1339 429 nam
1380 391 1432 430 ad

120 451 372 491 vescendum
394 450 505 489 facto
525 450 766 502 perexiguO,
779 449 928 500 utique
943 448 1190 495 militantes,
1204 448 1433 487 utebantur

124 509 318 547 —omnis
335 511 473 547 cetera
492 507 633 559 praeda
652 506 890 558 diripienda
911 506 1011 545 data
1031 510 1106 545 est.
1170 507 1208 544 6.
1240 505 1349 544 Tum
1371 519 1433 544 se-

122 565 308 618 peliendi
330 569 454 604 causa
474 564 654 603 conferri
676 564 721 602 in
742 577 875 602 unum
897 575 1068 615 corpora
1096 576 1264 601 suorum
1290 562 1431 614 jussit.

124 623 189 661 Ad
219 626 314 662 octo
344 621 484 661 millia
514 621 640 660 fuisse
661 621 862 659 dicuntur
889 621 1213 659 fortissimorum
1234 620 1432 659 virorum.

120 678 346 720 Consulem
365 691 533 731 quoque
553 678 792 717 Romanum
822 678 1109 729 conquisitum
1134 677 1433 730 sepultumque

120 736 296 789 quidam
316 739 504 775 auctores
525 738 636 774 sunt.

211 794 249 834 7.
282 793 378 842 Eos,
414 793 487 845 qui
528 791 756 832 Canusium
785 792 1070 844 perfugerant,
1096 791 1252 830 mulier
1282 791 1432 843 Apula,

122 851 292 889 nomine
314 851 437 898 Busa,
460 863 610 903 genere
633 849 743 888 clara
763 862 811 888 ac
832 849 1009 897 divitiis,
1031 849 1240 888 moenibus
1261 851 1431 887 tantum

74 948 78 952 ,
122 909 329 960 tectisque
360 921 384 946 a
406 906 625 948 Canusinis
655 910 859 959 acceptOS,
890 906 1102 946 frumento
1134 909 1247 945 veste
1278 907 1433 945 viatico

123 966 254 1004 etiam
278 965 395 1017 juvit
413 979 423 1012 3
455 978 529 1018 pro
549 969 635 1017 qua
655 966 694 1003 ei
716 963 1009 1003 munificentia
1029 967 1188 1016 postea,
1210 963 1319 1002 bello
1341 977 1433 1016 per-

124 1022 248 1070 fecto,
269 1023 324 1062 ab
344 1026 491 1062 senatu
511 1022 687 1061 honores
708 1021 846 1061 habiti
868 1025 979 1060 sunt.

568 1231 833 1273 CHAPTER
867 1232 989 1271 LIII.

123 1322 224 1354 Chief
242 1321 411 1353 command
427 1321 464 1352 of
484 1320 538 1351 the
555 1320 698 1351 Romans
723 1319 794 1350 who
810 1319 874 1350 had
890 1320 1025 1361 escaped
1042 1324 1076 1351 to
1092 1320 1270 1352 Canusium
1287 1321 1435 1352 unanim-

168 1365 260 1406 ously
287 1363 439 1405 assigned
469 1369 504 1395 to
529 1364 566 1395 P.
593 1362 762 1394 Cornelius
789 1362 896 1404 Scipio
923 1363 986 1393 and
1013 1364 1075 1404 Ap.
1105 1363 1260 1395 Claudius
1284 1364 1434 1396 Pulcher.

167 1408 440 1492 ξὲοὲἑῖἐιέῗέζ
455 1417 545 1481 εὲῐὶηὲ
557 1415 665 1447 young
677 1406 788 1436 nobles
805 1411 839 1437 to
854 1406 1003 1437 abandon
1013 1406 1100 1438 their
1111 1411 1254 1448 country.
1290 1407 1434 1439 Crushed

216 1531 253 1567 1.
277 1527 476 1569 CETERUM
489 1540 619 1580 quum
633 1526 693 1566 ibi
711 1527 872 1565 tribuni
886 1526 1078 1566 militum
1091 1530 1270 1579 quatuor
1283 1532 1433 1577 essent,

126 1589 166 1626 2.
198 1585 354 1626 Fabius
375 1585 586 1624 Maximus
608 1584 659 1624 de
675 1585 841 1636 legione
857 1585 1008 1636 prim-51,
1025 1584 1143 1636 cujus
1159 1588 1278 1637 pater
1294 1587 1432 1637 priore

123 1657 234 1683 anno
256 1643 436 1682 dictator
455 1643 606 1689 fuerat,
628 1646 671 1680 et
692 1642 743 1681 de
764 1641 930 1693 legione
951 1642 1129 1681 secunda
1150 1641 1198 1680 L.
1214 1642 1434 1682 Publicius

126 1701 303 1740 Bibulus
331 1706 374 1739 et
395 1700 442 1738 P.
465 1699 682 1739 Cornelius
703 1698 857 1750 Scipio,
879 1703 922 1738 et
942 1699 995 1738 de
1018 1699 1183 1752 legione
1204 1701 1331 1739 tertia
1353 1701 1432 1753 Ap.

125 1757 326 1798 Claudius
345 1757 541 1806 Pulcher,
554 1758 628 1809 qui
649 1757 836 1809 proxime
853 1756 987 1796 aedilis
1003 1756 1155 1806 fuerat,
1188 1759 1226 1796 3.
1245 1759 1434 1797 omnium

125 1828 326 1855 consensu
355 1814 408 1853 ad
430 1814 477 1853 P.
501 1814 754 1866 Scipionem,
775 1814 1003 1853 admodum
1035 1814 1356 1865 adolescentem,
1388 1819 1433 1855 et

125 1873 178 1913 ad
199 1874 277 1925 Ap.
294 1871 517 1912 Claudium
538 1884 701 1910 summa
722 1871 891 1923 imperii
912 1871 1053 1911 delata
1074 1875 1150 1911 est.
1201 1874 1242 1911 4.
1276 1872 1435 1920 Quibus

124 1929 460 1970 consultantibus
490 1930 602 1968 inter
630 1942 783 1981 paucos
815 1929 868 1967 de
898 1933 1062 1968 summa
1094 1942 1233 1968 rerum
1263 1931 1435 1970 nuntiat

126 1987 175 2027 P.
198 1987 351 2027 Furius
379 1986 540 2035 Philus,
562 1987 789 2026 consularis
817 1987 897 2025 viri
927 1986 1053 2034 filius,
1082 1988 1337 2040 nequiquam
1368 2001 1436 2028 eos

125 2045 336 2098 perdit-am
376 2057 493 2096 spem
536 2045 671 2083 fovere
689 2058 699 2091 3
746 2044 1009 2096 desperatam
1050 2044 1435 2098 comploratamque

126 2116 216 2141 rem
236 2116 322 2142 esse
334 2101 572 2154 publicam:
608 2103 646 2140 5.
669 2101 830 2140 nobiles
844 2101 1020 2153 juvenes
1033 2102 1246 2154 quosdam,
1256 2115 1436 2154 quorum

126 2161 360 2212 principem
411 2159 460 2198 L.
503 2158 717 2199 Caecilium
767 2158 1007 2206 Metellum,
1048 2171 1161 2197 mare
1212 2172 1261 2198 ac
1310 2173 1436 2199 naves

127 2221 327 2269 spectare,
363 2220 413 2255 ut
446 2216 611 2255 deserta
641 2215 770 2255 Italia
811 2216 864 2255 ad
903 2228 1051 2268 regum
1088 2216 1273 2268 aliquem
1304 2222 1438 2256 trans-

126 2275 307 2327 fugiant.
370 2275 408 2313 6.
441 2273 560 2320 Quod
581 2273 754 2321 malum,
776 2276 1054 2326 praeterquam
1075 2276 1207 2323 atrox,
1229 2287 1350 2326 super
1372 2278 1437 2314 tot

126 2331 262 2371 clades
283 2332 414 2371 etiam
434 2344 604 2380 novum,
618 2343 749 2383 quum
770 2335 938 2383 stupore
959 2343 1007 2369 ac
1027 2331 1230 2371 miraculo
1250 2331 1437 2384 torpidos

127 2389 353 2438 defixisset,
374 2388 449 2441 qui
479 2388 668 2435 aderant,
690 2391 735 2427 et
756 2387 976 2427 consilium
1006 2388 1293 2428 advocandum
1316 2390 1368 2428 de
1388 2402 1436 2427 eo

127 2451 359 2494 censerent,
381 2450 509 2498 negat
530 2445 695 2485 consilii
718 2459 805 2484 rem
827 2458 914 2484 esse
936 2444 1077 2498 Scipio
1091 2445 1277 2498 juvenis,
1297 2446 1436 2486 fatalis
