1621 2718
354 175 521 212 LIBER
556 174 695 211 XXII.
753 174 868 211 CAP.
890 175 1110 212 XXXVII.
1334 177 1393 215 45

79 297 310 333 moverent,
332 285 558 325 decemviri
592 284 720 324 libros
745 285 860 324 adire
887 289 1014 337 atque
1043 286 1247 337 inspicere
1277 285 1386 337 jussi

79 346 248 397 propter
268 343 437 382 territos
458 342 585 395 vulgo
607 343 795 381 homines
817 344 934 381 novis
956 343 1171 395 prodigiis.
1216 344 1254 382 7.
1277 343 1388 382 Nam

79 403 123 440 et
155 400 300 439 Romae
321 401 367 439 in
389 400 599 439 Aventino
635 405 675 439 et
715 400 866 439 Ariciae
902 402 1149 439 nuntiatum
1185 404 1276 439 erat
1309 400 1387 439 sub

78 458 193 497 idem
226 461 392 510 tempus
425 456 636 509 lapidibus
673 457 826 509 pluisse
847 473 857 505 ;
881 461 925 496 et
946 457 1082 496 multo
1103 470 1246 496 cruore
1268 458 1387 509 signa

79 516 124 554 in
157 514 325 554 Sabinis
357 513 549 562 sudasse3
581 528 789 566 aquasque
811 528 833 553 e
864 515 979 553 fonte
1000 514 1155 554 calidas
1183 514 1385 553 manasse.

79 574 118 612 8.
165 572 215 612 Id
259 572 433 625 quidem
473 572 617 620 etiam,
650 572 761 624 quod
797 573 947 624 saepius
987 572 1209 620 acciderat,
1250 574 1387 625 magis

77 629 274 669 terrebat.
337 629 394 668 Et
415 629 458 667 in
481 630 552 668 via
581 629 615 667 F
617 630 819 677 ornicata,
841 642 935 681 quae
961 630 1013 668 ad
1042 629 1249 681 'Campum
1281 632 1387 678 erat,

79 686 242 739 aliquot
263 686 456 725 homines
476 685 527 724 de
549 685 654 725 coelo
676 687 779 724 tacti
794 686 1106 738 exanimatique
1122 687 1302 725 fuerant.
1346 688 1389 726 9.

78 743 141 783 Ea
165 743 357 796 prodigia
378 756 428 782 ex
449 742 568 782 libris
587 746 818 795 procurata.
866 743 1017 795 Legati
1033 756 1057 782 a
1070 743 1207 783 Paesto
1222 748 1388 795 pateras

76 814 220 840 aureas
233 800 411 840 Romam
424 800 685 839 adtulerunt.
721 800 790 849 Iis,
800 801 911 840 sicut
921 800 1226 853 Neapolitanis,
1237 801 1388 854 gratiae

77 861 207 904 actae3
243 870 395 897 aurum
415 870 500 897 non
516 861 748 910 acceptum.

461 1041 726 1083 CHAPTER
754 1041 982 1081 XXXVII.

83 1126 178 1157 Hiero
193 1125 289 1157 sends
305 1125 458 1156 valuable
474 1129 619 1166 presente
645 1130 678 1156 to
703 1125 758 1155 the
783 1125 935 1156 Romans.
987 1124 1050 1155 His
1076 1125 1313 1157 Ambassadore
1337 1137 1373 1157 re

120 1169 228 1200 ceived
256 1169 298 1209 by
329 1168 384 1199 the
415 1168 539 1199 Senate.
587 1168 685 1199 Their
713 1168 838 1209 speech.
892 1168 960 1198 The
989 1168 1082 1208 reply
1111 1169 1148 1199 of
1176 1168 1231 1200 the
1261 1169 1386 1201 Senate.

121 1213 334 1252 Twenty·five
365 1211 607 1252 quinqueremes
634 1221 690 1242 are
713 1211 819 1242 added
846 1216 879 1242 to
901 1211 957 1241 the
982 1211 1056 1242 flent
1082 1212 1118 1242 of
1152 1211 1188 1242 T.
1218 1211 1387 1249 Otacilius,

123 1255 177 1286 the
194 1255 379 1295 Propraetor
393 1255 429 1284 of
449 1254 559 1293 Sicily.
619 1253 778 1285 Otacilius
794 1254 823 1285 is
839 1254 1012 1295 permitted
1028 1259 1062 1285 to
1086 1264 1162 1294 pass
1178 1254 1248 1286 into
1264 1255 1394 1293 Africa,

120 1297 238 1329 should
255 1298 294 1328 he
309 1297 398 1327 deem
418 1297 444 1328 it
459 1298 510 1328 for
525 1297 578 1328 the
595 1297 775 1337 advantage
790 1297 827 1328 of
846 1297 900 1327 the
916 1297 1122 1328 State—Rc.
1140 1299 1212 1329 216.

166 1378 202 1414 1.
230 1375 321 1414 PER
345 1375 510 1414 eosdem
539 1375 628 1414 dies
655 1375 708 1413 ab
736 1375 921 1414 Hierone
944 1374 1084 1414 classis
1107 1375 1268 1414 Ostiam
1290 1388 1388 1414 cum

84 1446 235 1486 magno
257 1436 495 1471 commeatu
515 1433 699 1471 accessit.
742 1434 780 1471 2.
810 1432 959 1485 Legati
974 1433 1019 1471 in
1041 1435 1232 1472 senatum
1254 1434 1387 1472 intro-

81 1491 197 1531 ducti
214 1489 492 1539 nuntiarunt3
516 1488 730 1530 CaedemC.
742 1489 944 1529 Flaminii
963 1490 1143 1529 consulis
1160 1491 1386 1529 exercitus-

80 1561 160 1601 que
175 1548 360 1587 adlatam
375 1547 476 1586 adeo
491 1548 599 1599 aegre
616 1547 761 1586 tulisse
777 1560 919 1599 regem
934 1547 1178 1595 Hieronem,
1199 1551 1248 1586 ut
1269 1547 1387 1586 nulla

79 1610 154 1645 sua
174 1606 344 1659 propria
365 1605 567 1657 regnique
603 1605 665 1643 sui
700 1604 816 1643 clade
848 1605 1004 1643 moveri
1027 1606 1161 1656 magis
1184 1605 1385 1656 potuerit.

82 1665 120 1703 3.
150 1662 302 1715 Itaque
322 1675 577 1714 quamquam
600 1661 728 1713 probe
749 1663 854 1700 sciat
877 1662 1217 1713 magnitudinem
1240 1662 1382 1714 populi

81 1719 261 1759 Romani
302 1719 658 1758 admirabiliorem
695 1732 823 1771 prope
864 1719 1046 1758 adversis
1087 1720 1223 1767 rebus,
1259 1721 1384 1771 quam

81 1777 288 1824 secundis,
303 1790 404 1823 esse,
446 1779 486 1815 4.
512 1785 654 1815 tamen
673 1790 714 1815 se
729 1777 882 1824 omnia,
904 1777 1058 1828 quibus
1079 1790 1103 1815 a
1124 1776 1244 1815 bonis
1266 1776 1381 1815 fidel-

80 1835 257 1886 ibusque
291 1835 412 1873 sociis
448 1833 557 1872 bella
583 1834 724 1885 juvari
760 1833 933 1881 soleant,
967 1835 1156 1880 misisse3
1209 1847 1302 1885 quae
1334 1847 1386 1873 ne

80 1893 268 1944 accipere
303 1891 504 1937 abnuant,
538 1905 690 1943 magno
723 1904 844 1943 opere
876 1905 917 1929 se
950 1891 1095 1930 Patres
1122 1890 1387 1943 Conscriptos

81 1963 208 1989 orare.
244 1951 282 1989 5.
309 1949 405 1988 Jam
420 1949 609 1987 omnium
624 1950 824 2001 primum,
841 1949 993 1987 ominis
1010 1949 1386 1996 ca1185,Vic†01·iam

81 2020 250 2047 auream
265 2006 401 2059 pondo
418 2006 647 2045 ducentum
669 2020 716 2045 ac
737 2007 892 2058 viginti
915 2007 1077 2045 adferre
1099 2019 1209 2045 sese:
1250 2007 1390 2058 accip-

81 2068 201 2104 erent
233 2077 325 2103 eam
358 2068 633 2115 tenerentque
665 2068 708 2103 et
735 2063 938 2103 haberent
968 2065 1179 2116 propriam
1217 2067 1260 2102 et
1294 2076 1389 2115 per-

81 2126 268 2175 petuam.
332 2121 370 2160 6.
400 2121 623 2160 Advexisse
653 2122 782 2160 etiam
814 2125 1002 2160 trecenta
1033 2121 1171 2160 millia
1197 2120 1388 2159 modium

82 2179 232 2228 tritici,
267 2179 448 2218 ducenta
487 2178 648 2228 hordei,
689 2191 740 2216 ne
782 2180 1041 2217 commeatus
1082 2179 1301 2225 deessent3
1343 2181 1387 2216 et

83 2240 288 2289 quantum
311 2240 510 2288 praeterea
546 2249 648 2288 opus
681 2240 802 2283 esset,
837 2236 918 2288 quo
944 2236 1182 2288 jussissent,
1216 2235 1397 2274 subvec-

82 2297 210 2333 turos.
294 2295 331 2334 7.
379 2293 521 2332 Milite
560 2298 686 2345 atque
731 2294 875 2345 equite
917 2294 1035 2342 seire,
1071 2293 1152 2332 nisi
1200 2295 1390 2332 Romano

82 2351 310 2404 Latinique
323 2351 522 2400 nominis,
543 2364 626 2389 non
648 2352 713 2390 uti
728 2352 929 2403 populum
945 2350 1206 2397 Romanum3
1228 2350 1392 2390 levium

81 2422 273 2448 armoru·
315 2424 363 2447 ax.
380 2433 388 2445 -.
415 2409 471 2447 lia
493 2409 621 2447 etiam
651 2412 822 2447 externa
843 2408 995 2447 vidisse
1017 2409 1060 2447 in
1090 2410 1235 2448 castris
1262 2407 1382 2446 Rom*

79 2467 194 2506 anis:
239 2469 277 2506 8.
309 2468 451 2517 itaque
485 2465 646 2505 misisse
680 2465 797 2505 mille
833 2466 1152 2519 sagittariorum
1174 2479 1222 2505 ac
1246 2464 1380 2504 fundi·
