1621 2718
414 193 584 232 LIBER
618 193 756 232 XXII.
813 194 929 231 UAP.
959 194 1093 233 XXV.
1357 197 1407 235 33

103 304 276 345 Iberum
311 317 424 356 agro,
461 304 604 343 Poenis
636 316 876 343 concessum
910 305 993 351 sit;
1040 305 1111 345 sed
1148 305 1410 357 Campanum

99 361 388 413 Calenumque
408 364 453 401 et
473 360 701 400 Falernum
729 374 878 414 agrum
907 365 1164 413 pervastatos
1193 376 1280 402 esse
1319 363 1412 402 sed-

102 421 202 459 ente
233 417 408 459 Casilini
449 418 670 466 dictatore,
706 422 750 457 et
780 418 1018 471 legionibus
1054 419 1200 472 populi
1230 419 1410 458 Romani

104 487 255 528 agrum
268 489 390 515 suum
403 478 586 515 tutante.
635 478 673 515 8.
707 476 950 514 Exercitum
967 478 1209 529 cupientem
1225 489 1411 529 pugnare

102 536 151 572 et
189 533 440 585 magistrum
479 533 687 584 equitum,
723 533 883 572 clausos
922 535 1049 586 prope
1090 535 1203 573 intra
1237 533 1411 582 vallum,

103 593 319 637 retentos;
350 594 568 642 tamquam
604 590 794 629 hostibus
830 592 1009 642 captivis
1044 604 1160 630 arma
1200 591 1410 643 adempta.

109 649 148 686 9.
179 647 381 694 Tandem,
417 651 466 685 ut
495 646 738 686 abscesserit
767 647 866 686 inde
897 648 1093 696 dictator,
1115 653 1164 687 ut
1195 647 1412 687 obsidione

107 704 322 750 liberatos,
335 707 452 742 extra
467 703 626 742 vallum
648 717 831 756 egressos
852 705 1006 743 fudisse
1019 718 1067 744 ae
1080 705 1244 757 fugasse
1260 706 1411 743 hostes.

111 763 178 800 10.
211 760 320 807 Quas
353 761 406 799 ob
439 774 515 809 res,
548 761 581 799 si
614 762 814 813 antiquus
854 762 1019 800 animus
1060 762 1172 814 plebi
1214 762 1414 801 Romanae

105 822 231 865 esset,
271 818 488 857 audaciter
527 831 568 857 se
610 818 795 856 laturum
835 818 961 858 fuisse
1001 819 1052 858 de
1088 819 1326 871 abrogando
1363 818 1412 865 Q.

109 875 234 915 Fabii
266 876 467 927 imperio:
500 888 612 913 nunc
642 875 852 914 modicam
882 877 1142 928 rogationem
1173 875 1414 928 promulga-

109 936 255 971 turum
277 933 328 971 de
350 933 550 984 aequando
572 933 765 984 magistri
791 934 985 985 equitum
1005 937 1049 972 et
1070 934 1287 972 dictatoris
1301 932 1412 985 jure.

75 1015 79 1018 -
115 992 180 1028 11.
212 990 300 1028 Nec
313 993 455 1028 tamen
469 1003 520 1028 ne
537 991 598 1028 ita
612 990 783 1041 quidem
799 991 913 1042 prius
928 991 1186 1030 mittendum
1204 991 1255 1029 ad
1273 1003 1414 1029 exerc-

109 1047 219 1086 itum
245 1046 291 1093 Q.
316 1047 510 1094 Fabium,
532 1049 659 1098 quam
682 1047 893 1086 consulem
917 1048 962 1086 in
982 1047 1122 1087 locum
1147 1048 1190 1088 C.
1210 1048 1414 1087 Flaminii

111 1104 356 1143 suffecisset.
424 1106 487 1142 12.
520 1104 713 1143 Dictator
745 1105 1014 1144 concionibus
1051 1119 1092 1144 se
1126 1106 1334 1144 abstinuit
1368 1105 1413 1143 in

108 1163 277 1200 actione
298 1162 474 1200 minime
506 1161 730 1213 popularis.
781 1162 845 1200 Ne
866 1163 910 1200 in
933 1166 1079 1201 senatu
1110 1163 1283 1215 quidem
1314 1163 1413 1200 satis

112 1220 242 1271 aequis
273 1219 444 1257 auribus
476 1219 740 1266 audiebatur,
774 1222 877 1258 tunc
916 1233 1049 1271 quum
1082 1220 1245 1259 hostem
1278 1219 1416 1258 verbis

109 1275 346 1324 extolleret,
367 1276 612 1327 bienniique
644 1275 780 1314 clades
801 1289 874 1327 per
894 1278 1181 1316 temeritatem
1202 1280 1329 1328 atque
1351 1277 1416 1314 in-

110 1334 334 1372 scientiam
369 1333 523 1371 ducum
559 1336 750 1384 acceptas
790 1333 987 1372 referret:
1036 1337 1099 1373 13.
1132 1335 1416 1386 magistroque

113 1391 321 1443 equitum,
342 1390 454 1442 quod
472 1394 616 1429 contra
633 1390 796 1428 dictum
813 1404 935 1429 suum
952 1390 1191 1443 pugnasset,
1211 1392 1414 1429 rationem

111 1449 273 1487 diceret
293 1447 546 1486 reddendam
577 1460 676 1486 esse.
741 1450 805 1486 14.
839 1447 882 1486 Si
914 1461 1040 1500 penes
1071 1462 1112 1488 se
1144 1462 1308 1487 summa
1340 1449 1419 1485 im-

115 1506 219 1558 perii
249 1504 496 1556 consiliique
527 1505 596 1553 sit,
617 1518 745 1557 prope
776 1505 888 1543 diem
920 1505 1182 1553 effecturum,
1206 1510 1251 1543 ut
1285 1506 1417 1544 sciant

114 1563 317 1610 homines,
343 1562 451 1601 bono
482 1563 734 1614 imperatore
765 1562 878 1601 haud
909 1565 1053 1613 magni
1086 1564 1298 1601 fortunam
1330 1576 1420 1600 mo-

115 1621 249 1660 ment-i
272 1633 386 1666 esse3
417 1622 604 1659 mentem
626 1620 916 1671 rationemque
933 1620 1153 1658 dominari.
1211 1623 1273 1658 15.
1307 1620 1358 1659 Se
1374 1619 1420 1657 in

112 1685 305 1729 tempore
335 1681 377 1715 et
409 1678 498 1716 sine
529 1677 765 1728 ignominia
801 1676 978 1715 servasse
1015 1679 1260 1723 exercitum,
1292 1679 1422 1728 quam

114 1734 252 1774 multa
271 1733 410 1773 millia
431 1735 616 1773 hostium
648 1734 859 1780 occidisse,
882 1734 1082 1785 majorem
1115 1735 1289 1784 gloriam
1321 1747 1423 1774 esse.

121 1792 185 1832 16.
217 1791 359 1844 Hujus
379 1791 542 1844 generis
563 1791 821 1830 orationibus
841 1790 993 1830 frustra
1017 1792 1170 1830 habitis
1192 1796 1233 1829 et
1256 1791 1423 1831 consule

114 1852 256 1888 creato
293 1849 353 1887 M.
389 1848 521 1887 Atilio
554 1847 730 1899 Regulo,
753 1861 805 1887 ne
839 1862 1016 1900 praeseus
1048 1849 1098 1887 de
1124 1849 1220 1901 jure
1252 1850 1423 1900 imperii

114 1907 354 1953 dimicaret,
376 1906 511 1958 pridie
532 1907 659 1957 quam
682 1906 910 1957 rogationis
932 1906 1110 1945 ferendae
1132 1906 1219 1945 dies
1247 1906 1424 1954 adesset,

117 1967 240 2003 nocte
260 1963 313 2002 ad
334 1964 564 2002 exercitum
587 1962 707 2001 abiit.
772 1962 836 2002 17.
870 1963 981 2001 Luce
1003 1966 1107 2011 orta-1,
1130 1977 1260 2015 quum
1290 1963 1426 2015 plebis

116 2020 345 2060 concilium
366 2024 486 2068 esset,
499 2020 632 2070 magis
653 2021 783 2058 tacita
804 2020 966 2058 invidia
987 2020 1203 2059 dictatoris
1225 2026 1424 2072 favorque

118 2079 311 2131 magistri
333 2078 525 2130 equitum
547 2078 706 2115 animos
728 2077 931 2124 versabat,
949 2079 1075 2128 quam
1098 2079 1197 2116 satis
1213 2078 1428 2117 audebant

119 2136 310 2175 homines
332 2135 384 2174 ad
408 2134 682 2182 suadendum,
704 2135 815 2186 quod
847 2134 972 2185 vulgo
1005 2134 1210 2186 placebat,
1234 2135 1426 2186 prodire3

117 2198 177 2239 et,
199 2193 338 2231 favore
360 2196 596 2244 superante,
617 2192 845 2230 auctoritas
866 2196 1006 2230 tamen
1038 2192 1246 2243 rogationi
1269 2192 1426 2231 deerat.

125 2252 190 2290 18.
224 2249 344 2289 Unus
365 2249 560 2288 inventus
582 2252 645 2287 est
666 2262 806 2287 suasor
837 2248 943 2300 legis
966 2248 1009 2287 C.
1033 2249 1253 2288 Terentius
1281 2249 1427 2298 Varro,

120 2308 195 2360 qui
216 2308 354 2360 priore
375 2319 485 2345 anno
507 2310 658 2358 praetor
683 2306 835 2354 fuerat,
857 2306 947 2345 loco
978 2319 1062 2345 non
1094 2306 1245 2345 humili
1278 2306 1429 2355 solum,

120 2365 194 2404 sed
230 2365 361 2404 etiam
396 2363 576 2411 sordido,
607 2366 735 2402 ortus.
802 2365 864 2402 19.
898 2362 1067 2402 Patrem
1104 2363 1266 2402 lanium
1302 2364 1430 2403 fuisse

123 2423 278 2470 ferunt,
300 2422 438 2474 ipsum
470 2421 708 2460 institorem
744 2421 909 2468 mercis,
940 2419 1114 2473 filioque
1147 2421 1226 2460 hoc
1259 2422 1349 2473 ipso
1384 2421 1430 2460 in

120 2479 290 2520 servilia
310 2478 398 2531 ejus
419 2479 521 2517 artis
543 2478 779 2517 ministeria
799 2490 936 2517 usum.

737 2551 756 2574 e
777 2544 795 2574 3
