1621 2718
214 223 268 261 28
506 225 617 261 TITI
655 225 796 263 LIVH
833 223 1229 263 HISTORIARUM

261 331 496 373 Carthaginian
524 333 729 364 commander
753 334 790 365 of
809 334 864 365 the
889 334 988 374 place,
1006 335 1050 374 by
1066 333 1203 370 Abelux,
1221 343 1241 364 a
1256 332 1397 374 Spanish
1420 333 1531 371 noble,

259 375 317 406 the
332 375 484 415 hostages
501 376 559 406 fall
577 376 645 407 into
661 377 716 407 the
732 376 837 407 hands
854 377 890 407 of
910 377 965 407 the
981 376 1116 416 Scipios,
1134 375 1204 406 who
1228 380 1351 407 restore
1378 375 1467 406 them
1494 381 1530 407 to

258 418 346 449 their
369 418 518 449 families.
564 419 616 460 By
631 419 825 450 unanimous
850 423 982 450 consent
1006 420 1042 450 of
1062 418 1117 449 the
1143 418 1320 458 Spaniards
1350 429 1391 449 an
1416 418 1528 449 imme-

259 460 348 492 diate
373 461 480 493 revolt
504 462 588 492 from
616 461 783 492 Hannibal
799 461 827 492 is
843 461 1090 502 contemplated,
1107 461 1172 491 and
1195 461 1301 492 would
1327 461 1409 492 have
1430 461 1531 493 taken

259 504 350 544 place
365 504 426 534 but
441 504 492 534 for
506 504 562 535 the
586 504 707 535 arrival
732 505 769 535 of
787 505 912 536 winter.
957 504 1100 535 Romans
1125 502 1190 534 and
1211 503 1464 545 Carthaginians
1487 514 1533 545 go-

259 547 330 578 into
345 551 610 587 quarters.—B.c.
634 549 706 581 217.

308 627 344 663 1.
378 624 472 663 Hoc
504 627 617 662 statu
646 637 788 662 rerum
819 625 863 662 in
886 624 1104 676 Hispania,
1127 623 1174 661 P.
1198 622 1337 675 Scipio
1366 623 1412 661 in
1433 637 1530 676 pro-

218 681 404 720 vinciam
438 682 568 729 venit,
590 684 813 733 prorogato
843 684 935 733 post
965 680 1226 719 consulatum
1259 681 1452 732 imperio,
1474 681 1527 720 ab

217 741 366 777 senatu
406 739 569 786 missus,
606 752 702 776 cum
739 739 917 790 triginta
958 738 1094 790 longis
1133 737 1310 776 navibus
1350 741 1392 777 et
1433 742 1529 777 octo

217 795 408 834 millibus
430 795 618 834 militum
640 809 874 847 magnoque
897 799 1133 834 commeatu
1154 795 1342 834 advecto.
1393 797 1430 834 2.
1464 795 1527 836 Ea

218 853 357 892 classis
398 854 545 905 ingens
587 854 756 904 agmine
797 854 1080 891 onerariarum
1120 852 1266 904 procul
1306 853 1394 891 visa
1430 866 1526 892 cum

218 915 372 962 magna
393 911 545 949 laetitia
563 911 717 948 civium
733 911 1020 962 sociorumque
1036 913 1205 961 portum
1218 910 1461 949 Tarraconis
1476 923 1530 949 ex

218 968 303 1006 alto
318 968 470 1007 tenuit.
506 970 543 1006 3.
565 968 628 1005 lbi
645 967 782 1005 milite
799 968 1000 1018 exposito,
1016 967 1228 1019 profectus
1246 966 1387 1018 Scipio
1402 968 1526 1006 fratri

219 1039 259 1063 36
288 1025 536 1076 conjungit3
579 1038 626 1062 ac
659 1025 810 1062 deinde
847 1025 1060 1062 communi
1094 1024 1236 1062 anima
1270 1024 1530 1076 consilioque

218 1082 421 1134 gerebant
437 1081 611 1119 bellum.
654 1084 693 1119 4.
718 1080 941 1132 Occupatis
959 1082 1091 1133 igitur
1106 1080 1529 1133 Carthaginiensibus

219 1139 468 1179 Celtiberico
510 1138 620 1177 bello
662 1139 772 1177 haud
804 1143 1048 1177 cunctanter
1080 1138 1251 1177 Iberum
1287 1139 1531 1191 transgred-

217 1198 376 1244 iuntur,
397 1209 473 1235 1166
494 1196 579 1234 11110
601 1197 688 1234 viso
710 1196 828 1235 hoste
851 1195 1088 1247 Saguntum
1108 1199 1292 1248 pergunt
1318 1196 1392 1243 ire,
1414 1196 1525 1248 quod

219 1254 278 1293 ibi
288 1254 448 1293 obsides
459 1254 589 1292 totius
603 1253 819 1305 Hispaniae
833 1253 1033 1292 custodiae
1040 1254 1215 1292 traditos
1224 1253 1276 1292 ab
1286 1253 1528 1293 Hannibale

217 1311 330 1350 sama
343 1315 430 1350 erat
444 1311 609 1349 modico
626 1312 670 1349 in
687 1324 779 1349 arce
794 1311 993 1349 custodiri
1014 1311 1222 1363 praesidio.
1256 1313 1294 1350 5.
1328 1311 1379 1350 Id
1393 1325 1523 1350 unum

217 1370 370 1421 pignus
411 1368 637 1407 inclinatos
676 1369 729 1407 ad
770 1368 1003 1407 Romanam
1050 1369 1295 1407 societatem
1336 1370 1526 1408 omnium

218 1426 436 1479 Hispaniae
468 1426 721 1479 populorum
754 1426 914 1464 animos
948 1426 1201 1473 morabatur,
1235 1439 1288 1464 ne
1322 1428 1531 1478 sanguine

219 1484 401 1523 liberum
420 1497 588 1522 suorum
611 1483 731 1535 culpa
752 1483 999 1522 defectionis
1021 1483 1219 1522 lueretm.
1269 1483 1307 1522 6.
1330 1483 1392 1522 Eo
1410 1485 1520 1522 vinc-

219 1542 291 1580 ulo
336 1541 589 1593 Hispaniam
622 1542 686 1579 vir
715 1554 822 1579 unus
854 1541 1039 1580 sollertia
1069 1542 1218 1593 magis,
1250 1542 1377 1592 quam
1410 1541 1526 1580 fideli

218 1598 407 1647 consilio,
422 1599 613 1638 exsolvit.
660 1598 822 1637 Abelux
839 1601 930 1637 erat
944 1598 1125 1650 Sagunti
1135 1598 1288 1637 nobilis
1296 1598 1526 1651 Hispanus,

217 1656 324 1695 fidus
345 1657 442 1695 ante
464 1656 621 1705 Poenis,
642 1659 750 1704 tum,
773 1655 916 1708 qualia
947 1656 1194 1707 plerumque
1228 1659 1325 1694 sunt
1357 1655 1528 1695 barbar-

217 1727 337 1753 orum
369 1715 555 1766 ingenia,
588 1727 685 1752 cum
722 1714 892 1752 fortuna
923 1716 1160 1753 mutaverat
1188 1712 1327 1752 fidem.
1380 1714 1418 1753 7.
1451 1713 1525 1753 Ce-

217 1774 356 1811 terfim
378 1771 638 1823 transfugam
660 1772 748 1809 sine
769 1784 933 1823 magnae
955 1771 1015 1809 rei
1033 1770 1270 1822 proditione
1286 1771 1528 1810 venientem

216 1830 269 1868 ad
302 1830 442 1868 hostes
477 1828 586 1867 nihil
619 1829 734 1867 aliud
766 1830 893 1880 quam
928 1841 1059 1867 unum
1094 1827 1177 1866 vile
1210 1831 1336 1880 atque
1367 1829 1526 1868 infame

218 1900 363 1939 corpus
385 1900 471 1925 6336
494 1890 624 1933 ratus,
639 1886 683 1924 id
705 1886 869 1938 agebat,
887 1889 934 1923 ut
955 1887 1081 1937 quam
1102 1898 1348 1924 maxumum
1368 1886 1526 1925 emolu-

217 1948 409 1983 mentum
426 1945 545 1982 novis
563 1944 681 1982 sociis
698 1946 817 1981 esset.
848 1945 885 1981 8.
903 1942 1228 1994 Circumspectis
1241 1943 1377 1995 igitur
1390 1945 1526 1982 omni-

216 2002 308 2050 bus,
325 2015 417 2053 quae
433 2002 602 2040 fortuna
618 2001 839 2053 potestatis
857 2000 891 2052 ej
900 2014 944 2038 113
963 2004 1125 2052 poterat
1143 2000 1291 2049 facere,
1309 2001 1525 2040 obsidibus

216 2060 486 2112 potissimum
517 2058 730 2097 tradendis
761 2059 950 2096 animum
982 2057 1151 2109 adjecit,
1173 2071 1264 2096 eam
1287 2071 1414 2097 unam
1437 2072 1524 2097 rem

216 2117 400 2157 maxime
436 2120 550 2155 ratus
584 2115 900 2155 conciliaturam
929 2115 1129 2154 Romanis
1160 2116 1399 2168 principum
1426 2116 1526 2155 His-

217 2175 354 2227 paniae
404 2173 650 2213 amicitiam.
734 2175 771 2212 9.
824 2172 904 2211 Sed
951 2186 1081 2224 quum
1132 2173 1294 2225 injussu
1340 2173 1524 2212 Bostaris

216 2232 406 2284 praefecti
441 2233 542 2270 satis
577 2231 703 2269 sciret
734 2230 845 2269 nihil
886 2230 1079 2269 obsidum
1119 2230 1309 2269 custodes
1341 2230 1526 2270 facturos

218 2303 316 2337 6336,
340 2290 556 2329 Bostarem
579 2289 717 2340 ipsum
739 2292 829 2327 arte
850 2288 1107 2338 adgreditur.
1168 2291 1228 2327 10.
1254 2287 1396 2328 Castra
1410 2293 1526 2328 extra

217 2347 365 2386 urbem
387 2347 430 2385 in
453 2347 542 2398 ipso
566 2346 688 2385 litore
711 2345 892 2385 habebat
918 2346 1076 2392 Bostar,
1098 2349 1146 2384 ut
1167 2345 1330 2384 aditum
1345 2351 1393 2385 65,
1407 2351 1533 2398 parte-

216 2404 520 2444 intercluderet
542 2404 754 2442 Romanis.
797 2403 863 2442 Ibi
886 2417 980 2441 611111
1003 2403 1045 2441 111
1064 2408 1272 2442 secretum
1293 2403 1524 2443 abductum

217 2462 334 2502 velut
355 2463 619 2515 ignorantem
640 2465 797 2508 monet,
819 2474 900 2512 quo
924 2464 1036 2499 statu
1059 2461 1114 2499 sit
1136 2475 1199 2500 res
1218 2476 1226 2499 ε
1276 2463 1339 2500 ll.
1363 2464 1524 2501 metum

216 2521 473 2560 continuisse
515 2519 565 2557 ad
603 2532 696 2557 eam
729 2519 842 2557 diem
887 2518 1168 2569 Hispanorum
1211 2519 1386 2567 animos,
1427 2519 1528 2571 quia
