1621 2718
458 145 626 184 LIBER
659 146 798 184 XXII.
856 146 971 184 GAP.
1002 147 1086 185 LV.
1374 151 1423 187 65

115 255 303 297 Canusii.
365 255 404 295 6.
437 255 569 295 Varro
590 257 679 308 ipse
700 255 927 296 Canusium
948 257 1086 309 copias
1107 257 1309 296 traduxit.
1368 258 1421 297 Et

112 312 205 365 Jam
224 311 366 366 aliqua
382 313 536 365 species
549 313 776 353 consularis
791 314 998 353 exereitfis
1011 317 1115 362 erat,
1132 314 1423 367 moenibusque

117 382 161 409 se
180 370 306 418 certe,
327 371 407 409 etsi
423 383 506 409 non
529 371 670 420 armis,
690 371 743 410 ab
765 371 884 410 hoste
904 370 1157 410 videbantur
1177 371 1402 410 defensuri.

206 428 246 467 7.
277 426 455 466 Romam
475 440 528 467 ne
549 427 623 467 has
636 427 808 480 quidem
823 428 1023 480 reliquias
1039 441 1251 480 superesse
1265 428 1422 467 civium

115 485 417 537 sociorumque,
439 484 510 524 sed
540 484 755 524 occidione
780 486 963 524 occisum
985 498 1082 524 cum
1103 485 1264 525 duobus
1284 498 1423 524 exere-

115 541 250 580 itibus
301 541 502 590 consules,
555 541 795 594 deletasque
848 555 989 582 omnes
1048 543 1186 595 copias
1232 542 1421 582 adlatum

114 598 267 638 fuerat.
311 601 350 638 8.
374 599 615 651 Numquam
637 599 750 638 salva
770 599 872 639 urbe
893 603 1060 639 tantum
1082 600 1244 652 pavoris
1264 600 1423 640 tumul-

114 657 268 707 tusque
299 656 413 695 intra
433 656 590 695 moenia
611 656 800 695 Romana
822 656 918 695 fuit.
981 657 1131 709 Itaque
1153 657 1422 696 succumbam

112 713 247 761 oneri,
268 725 404 765 neque
417 713 640 765 adgrediar
655 726 836 761 narrare,
849 727 943 766 quae
960 714 1244 753 edissertando
1258 715 1422 753 minora

115 783 213 809 vero
244 770 410 809 faciam.
473 772 510 809 9.
545 769 722 811 Consule
754 771 1025 823 exercituque
1055 771 1108 810 ad
1129 771 1422 810 Trasimenum

116 828 253 879 priore
285 840 395 866 anno
431 828 597 877 amisso,
618 841 702 867 non
723 827 889 878 vulnus,
912 828 983 868 sed
1010 828 1240 880 multiplex
1271 828 1421 876 clades,

90 929 94 933 ⁵
116 898 213 923 cum
235 884 398 924 duobus
419 885 660 924 consulibus
681 885 764 924 duo
786 885 1022 925 consulares
1052 886 1258 925 exercitiis
1280 886 1421 925 amissi

117 942 439 990 nuntiabantur,
461 956 539 982 nec
574 942 661 982 ulla
683 943 774 994 jam
805 947 941 982 eastra
962 943 1153 982 Romana
1172 957 1249 982 nee
1272 943 1421 982 ducem

117 1011 192 1038 nec
207 999 392 1039 militem
414 1013 525 1047 esse3
571 1002 635 1039 10.
667 1000 922 1039 Hannibalis
944 1000 1158 1052 Apuliam,
1181 1000 1418 1048 Samnium,

115 1069 163 1095 ac
179 1056 271 1108 jam
293 1058 422 1109 prope
438 1061 572 1096 totam
592 1057 763 1096 Italiam
778 1058 946 1097 factam.
993 1057 1124 1097 Nulla
1136 1058 1322 1110 profecto
1339 1057 1423 1097 alia

115 1126 217 1165 gens
238 1117 359 1153 tanta
380 1114 491 1153 mole
513 1114 644 1153 cladis
665 1127 749 1153 non
770 1115 922 1154 obruta
943 1119 1063 1153 esset.
1110 1117 1175 1154 11.
1200 1115 1423 1167 Compares

113 1170 278 1210 cladem
319 1171 373 1211 ad
408 1171 582 1223 AEgates
624 1171 782 1211 insulas
814 1171 1242 1223 Carthaginiensium,
1273 1172 1422 1224 proelio

113 1227 255 1267 navali
281 1233 511 1281 acceptam,
533 1234 617 1281 qua
647 1229 771 1268 fracti
795 1229 943 1268 Sicilia
964 1243 1012 1268 ac
1034 1229 1231 1269 Sardinia
1252 1242 1423 1276 cessere,

115 1285 215 1324 inde
237 1285 466 1338 vectigales
497 1299 545 1325 ac
567 1286 862 1338 stipendiarios
884 1286 1039 1331 fierissse
1060 1287 1169 1339 passi
1192 1290 1317 1333 sunt3
1349 1290 1424 1325 aut

113 1355 301 1394 pugnam
315 1343 531 1382 adversam
546 1344 590 1382 in
608 1343 763 1391 Africa,
779 1344 847 1382 cui
861 1347 1006 1396 postea
1019 1343 1089 1382 hie
1103 1345 1192 1396 ipse
1206 1343 1423 1382 Hannibal

111 1400 336 1439 succubuit
355 1415 363 1439 :
396 1400 514 1440 nulla
536 1414 586 1440 ex
607 1404 726 1453 parte
758 1401 1047 1454 comparandae
1073 1404 1186 1449 sunt,
1207 1401 1287 1441 nisi
1311 1401 1423 1453 quod

108 1457 273 1497 minore
294 1459 436 1497 animo
458 1458 556 1498 latae
576 1461 687 1497 sunt.

574 1637 840 1678 CHAPTER
870 1637 957 1676 LV.

108 1727 156 1758 At
179 1727 280 1759 Rome
305 1727 362 1758 the
389 1727 504 1758 Senatu
529 1727 689 1757 assemble
710 1732 744 1758 to
770 1727 946 1757 deliberate
971 1737 1011 1757 on
1043 1726 1097 1757 the
1122 1730 1205 1757 state
1230 1727 1267 1758 of
1300 1726 1421 1760 affairs.

384 1770 505 1801 Advice
520 1770 556 1800 of
576 1770 614 1805 Q.
630 1770 749 1800 Fabius
765 1769 1046 1801 Maximus—Bc.
1065 1772 1136 1800 216.

201 1850 237 1899 l..
269 1847 317 1887 P.
349 1847 510 1887 thms
546 1847 708 1887 PHILUS
741 1851 784 1887 et
819 1847 893 1886 Μ’.
931 1847 1190 1899 Pomponius
1222 1850 1420 1898 praetores

108 1908 304 1944 senatum
336 1906 380 1944 in
412 1905 572 1944 curiam
604 1904 835 1944 Hostiliam
867 1907 1137 1952 vocaverunt,
1159 1908 1207 1942 ut
1229 1904 1280 1943 de
1302 1904 1418 1943 urbis

106 1963 300 2002 custodia
350 1961 643 2001 consulerent:
706 1965 744 2001 2.
795 1975 932 2014 neque
984 1962 1098 2000 enim
1149 1961 1418 2010 dubitabant,

108 2020 261 2059 deletis
296 2019 564 2066 exercitibus,
596 2018 760 2059 hostem
792 2020 844 2059 ad
876 2019 1201 2071 oppugnandam
1224 2019 1417 2067 Romam,

107 2077 221 2130 quod
241 2091 374 2117 unum
395 2089 499 2129 opus
519 2076 621 2115 belli
644 2080 836 2124 restaret,
858 2081 1099 2116 venturum.
1154 2079 1191 2114 3.
1216 2076 1354 2122 Quum
1372 2077 1414 2115 in

108 2134 233 2175 malis
249 2135 376 2174 sicuti
392 2134 653 2186 ingentibus,
667 2135 729 2173 ita
744 2135 918 2186 ignotis,
934 2147 987 2172 ne
1004 2133 1226 2172 consilium
1243 2134 1415 2185 quidem

108 2194 210 2231 satis
246 2192 506 2244 expedirent,
528 2191 872 2244 obstreperetque
901 2191 1058 2230 elamor
1087 2190 1414 2229 lamentantium

107 2249 348 2298 mulierum,
388 2253 446 2297 et,
486 2249 675 2288 nondum
712 2248 852 2301 palam
894 2248 1021 2297 facto,
1052 2248 1140 2286 vivi
1172 2249 1414 2300 mortuique

109 2321 182 2359 per
222 2321 364 2346 omnes
405 2319 524 2359 paene
565 2306 709 2345 domos
750 2306 984 2358 promiscue
1025 2304 1414 2358 complorarentur3

106 2367 147 2404 4.
163 2369 255 2404 tum
274 2365 320 2412 Q.
340 2365 495 2403 Fabius
511 2363 722 2403 Maximus
739 2364 924 2410 censuit;
943 2363 1120 2415 Equites
1137 2363 1354 2415 expeditos
1372 2367 1415 2402 et

104 2422 245 2475 Appia
266 2425 309 2462 et
332 2422 486 2461 Latina
508 2421 576 2459 via
591 2421 835 2469 mittendos,
849 2421 921 2473 qui
944 2421 1087 2459 obvios
1103 2420 1415 2472 percunctando
