1621 2718
451 158 617 195 LIBER
651 158 788 195 XXII.
845 157 959 195 CAP.
989 159 1180 197 XLVIII.
1418 163 1466 199 57

161 281 283 306 orum
302 268 667 320 Hispanorumque
683 268 835 307 laevum
857 282 982 307 cornu
995 282 1091 307 cum
1113 269 1257 308 dextro
1280 269 1467 310 Romano

163 326 388 373 concurrit,
410 325 587 364 minime
608 327 810 377 equestris
831 339 945 365 more
966 339 1141 377 pugnae:
1185 329 1223 365 2.
1257 327 1467 366 frontibus

160 383 278 421 enim
298 382 481 421 adversis
503 382 829 421 concurrendum
861 386 964 431 erat,
987 385 1099 435 quia,
1122 383 1240 422 nullo
1272 384 1382 423 circa
1412 385 1464 423 ad

164 440 427 491 evagandum
463 439 610 479 relicto
642 439 791 492 spatio,
826 440 923 478 hinc
955 441 1103 488 amnis,
1137 441 1237 479 hinc
1271 441 1462 493 peditum

162 497 273 536 acies
306 496 553 536 claudebant
590 497 632 535 in
670 498 876 536 directum
913 499 1127 549 utrimque
1163 498 1361 537 nitentes.
1425 501 1462 538 3.

161 552 384 593 Stantibus
415 567 462 593 ac
493 554 688 593 confertis
711 555 916 606 postremo
938 553 1063 594 turba
1084 557 1216 606 equiS,
1240 556 1304 594 vir
1325 557 1462 595 virum

161 611 378 662 amplexus
410 611 655 650 detrahebat-
686 624 803 663 equo.
865 611 1062 651 Pedestre
1102 617 1256 664 magna
1289 612 1380 665 jam
1414 627 1462 652 ex

162 671 283 720 parte
323 671 534 707 certamen
577 668 736 707 factum
777 671 866 706 erat
884 683 893 714 3
954 670 1090 707 acrius
1139 672 1295 718 tamen,
1335 672 1461 721 quam

159 725 339 773 diutius,
362 728 597 777 pugnatum
626 729 702 773 est,
724 725 916 777 pulsique
944 725 1122 764 Romani
1154 727 1318 778 equites
1345 731 1464 779 terga

161 785 348 821 vertunt.
409 786 448 821 4.
484 782 570 822 Sub
592 783 795 834 equestris
818 782 942 821 finem
965 783 1207 821 certaminis
1231 787 1371 822 coorta
1399 788 1463 823 est

158 842 352 894 pediturn
368 854 521 894 pugna.
545 841 689 879 Primo
704 847 747 879 et
761 841 919 880 viribus
934 844 977 880 et
989 841 1142 879 animis
1154 853 1243 892 par,
1258 841 1358 878 <lum
1370 854 1466 879 con-

158 899 330 938 stabant
351 899 516 938 ordines
534 897 670 937 Gallis
687 898 971 950 Hispanisque
986 913 996 943 ;
1020 901 1058 937 5.
1075 898 1249 937 tandem
1272 897 1465 945 Romani,

161 961 238 999 diu
259 973 306 999 ac
327 973 435 1012 saepe
457 961 631 1004 connisi,
648 965 765 1011 :equa
780 960 917 998 fronte
931 960 1102 1011 acieque
1117 959 1243 998 densii.
1260 959 1462 1011 impulere

162 1017 350 1056 hostium
371 1030 551 1056 cuneum
572 1018 699 1055 nimis
732 1021 915 1065 tenuem,
938 1017 1067 1068 eoque
1094 1029 1243 1069 parum
1263 1017 1463 1065 validum,

162 1087 189 1113 a
220 1079 359 1113 cetera
398 1075 706 1126 prominentem
746 1075 847 1112 acie.
911 1075 948 1113 6.
1002 1074 1184 1126 Inpulsis
1226 1074 1376 1113 deinde
1416 1088 1461 1113 ac

164 1132 326 1184 trepide
361 1132 632 1171 referentibus
668 1132 816 1184 pedem
851 1132 1068 1178 insistere3
1111 1145 1158 1170 ac
1198 1135 1341 1170 tenore
1381 1145 1462 1170 uno

161 1202 235 1241 per
256 1202 436 1241 praeceps
457 1203 608 1241 pavore
639 1189 895 1241 fugientium
925 1202 1072 1240 agmen
1095 1189 1139 1227 in
1159 1189 1342 1228 mediam
1378 1190 1464 1241 pri-

161 1248 281 1285 mum
296 1247 430 1285 aciem
447 1246 572 1294 illati,
590 1246 812 1299 postremo,
830 1245 946 1284 nullo
964 1247 1193 1295 resistente,
1209 1246 1262 1285 ad
1278 1247 1463 1285 subsidia

161 1304 360 1343 Afrorum
393 1308 686 1356 pervenerunt,
739 1306 776 1343 7.
808 1304 882 1354 qui
915 1304 1129 1354 utrimque
1161 1303 1344 1342 reductis
1386 1304 1463 1343 alis

159 1361 454 1410 constiterant,
488 1361 640 1410 medi-51,
673 1363 756 1413 qua
790 1360 904 1399 Galli
946 1360 1210 1412 Hispanique
1245 1366 1462 1410 steterant,

160 1418 427 1471 aliquantum
447 1419 711 1470 prominente
735 1419 836 1457 acie.
901 1420 938 1457 8.
973 1418 1050 1464 Qui
1075 1431 1229 1457 cuneus
1251 1423 1299 1456 ut
1321 1418 1464 1470 pulsus

161 1476 345 1528 aequavit
367 1476 553 1515 frontem
572 1477 771 1528 primum,
794 1476 891 1515 dein
915 1475 1096 1514 cedendo
1119 1476 1248 1514 etiam
1265 1477 1402 1514 sinum
1419 1476 1463 1514 in

161 1533 299 1573 medio
321 1533 454 1581 dedit,
487 1533 576 1572 Afri
611 1534 720 1573 circa
747 1533 837 1585 jam
869 1546 1021 1571 cornua
1043 1533 1242 1581 fecerant,
1264 1533 1465 1572 irruenti-

159 1590 320 1644 busque
339 1591 510 1630 incaute
526 1592 570 1629 in
592 1591 780 1630 medium
804 1591 999 1629 Romanis
1022 1590 1329 1628 circumdedere
1350 1590 1434 1631 alas
1452 1605 1463 1638 ;

159 1660 269 1698 mox,
291 1661 445 1688 cornua
466 1649 740 1697 extendendo,
763 1648 944 1686 clausere
965 1652 1008 1686 et
1028 1647 1080 1686 ab
1101 1652 1219 1698 tergo
1242 1647 1392 1686 hostes.
1424 1649 1462 1687 9.

159 1705 274 1744 Hinc
295 1705 473 1745 Romani
506 1705 694 1745 defuncti
733 1706 987 1757 nequiquam
1012 1704 1160 1756 proelio
1182 1717 1278 1753 uno,
1301 1705 1464 1744 omissis

159 1763 293 1802 Gallis
310 1763 604 1815 Hispanisque,
620 1776 795 1815 quorum
809 1767 927 1814 terga
943 1762 1194 1811 ceciderant,
1212 1765 1253 1801 et
1270 1762 1464 1801 adversus

159 1820 279 1860 Afros
320 1821 528 1872 integram
569 1834 754 1872 pugnam
794 1821 957 1868 ineunt,
998 1822 1062 1858 10.
1094 1833 1177 1858 non
1213 1821 1384 1858 tantum
1414 1820 1462 1858 eo

157 1878 362 1930 iniquam,
383 1878 495 1930 quod
517 1878 669 1916 inclusi
700 1877 894 1916 adversus
925 1877 1209 1925 circumfusos,
1232 1876 1301 1915 sed
1331 1877 1462 1916 etiam

154 1935 268 1987 quod
290 1935 388 1974 fessi
410 1948 505 1974 cum
528 1935 766 1974 recentibus
786 1948 833 1974 ac
855 1935 1028 1987 vegetis,
1050 1934 1310 1987 pugnabant.

561 2115 822 2156 CHAPTER
856 2114 893 2152 X
903 2114 1057 2152 LVIII.

615 2205 683 2236 The
698 2204 807 2236 Battle
822 2203 997 2235 continues.

242 2287 278 2324 1.
310 2284 336 2324 J
341 2295 398 2323 ΑΜ
420 2286 464 2323 et
484 2284 529 2322 in
551 2283 720 2322 sinistro
752 2294 879 2320 cornu
911 2280 1124 2329 Romanis,
1145 2280 1217 2319 ubi
1252 2280 1458 2319 sociorum

152 2343 319 2395 equites
340 2341 536 2380 adversus
553 2339 758 2378 Numidas
777 2341 993 2386 steterant,
1007 2343 1243 2378 consertum
1260 2337 1458 2389 proelium

151 2407 258 2448 erat,
299 2411 424 2451 segne
464 2397 600 2451 primo
636 2400 679 2436 et
711 2410 736 2435 a
767 2395 930 2435 Punica
969 2399 1155 2448 coeptum
1196 2394 1353 2434 fraude.
1417 2397 1456 2433 2.

152 2457 387 2509 Quingenti
418 2456 549 2496 ferme
569 2454 779 2502 Numidae,
800 2456 951 2505 praeter
981 2454 1108 2492 solita
1139 2465 1255 2492 arma
1289 2451 1460 2504 telaque

807 2529 830 2550 n
861 2521 879 2550 3
