1621 2718
485 158 652 196 LIBER
686 159 822 197 XXII.
879 158 997 198 CAP.
1025 159 1077 200 V.
1416 161 1440 203 ⁷

607 339 873 381 CHAPTER
904 341 942 378 V

127 431 334 472 Description
351 431 388 462 of
407 430 463 461 the
486 430 608 462 Battle.
663 430 731 461 The
759 430 972 462 Combatants
987 430 1028 461 do
1054 435 1110 461 not
1124 431 1186 461 feel
1205 431 1260 461 the
1283 431 1388 463 Shock
1403 433 1439 463 of

249 484 288 505 an
307 473 525 515 Earthquake,
542 473 645 505 which
661 473 812 504 occurred
828 473 947 514 during
962 473 1018 505 the
1034 473 1249 514 Fight..-—1³.c.
1268 476 1340 508 217.

221 553 256 590 1.
289 550 465 599 CONSUL,
479 549 680 602 perculsis
694 549 890 589 omnibus
903 550 992 602 ipse
1008 552 1123 599 satis,
1138 553 1186 589 ut
1202 551 1247 590 in
1264 564 1307 590 re
1323 554 1433 604 trep-

128 609 214 657 ida,
236 607 489 660 impavidus,
511 607 701 646 turbatos
722 607 901 656 ordines,
918 610 1109 647 vertente
1131 621 1173 647 se
1194 621 1360 661 quoque
1383 609 1431 647 ad

128 665 315 705 dissonos
336 664 550 711 clamores,
573 665 759 711 instruit,
782 668 830 702 ut
851 667 1018 717 tempus
1032 664 1228 717 locusque
1245 666 1433 718 patitur3

128 726 186 771 et,
207 735 470 775 quacumque
505 721 620 760 adire
653 721 875 773 audirique
910 725 1060 774 potest,
1092 722 1353 771 adhortatur,
1386 736 1433 762 ac

128 783 238 820 stare
272 792 320 818 ac
354 792 541 831 pugnare
568 778 718 830 jubet:
763 781 800 817 2.
832 791 908 818 nec
944 780 1058 818 enim
1088 779 1187 818 inde
1218 780 1328 819 votis
1358 784 1432 819 aut

128 836 426 890 imploratione
452 836 593 883 desim,
616 835 689 875 sed
719 836 760 874 vi
792 849 840 874 ac
872 837 1031 875 virtute
1053 836 1314 875 evadendum
1337 850 1430 876 esse.

128 893 210 936 Per
230 894 389 933 medias
409 894 518 932 acies
539 893 647 932 ferro
667 894 782 932 viam
803 893 895 932 fieri
917 898 973 943 et,
997 907 1078 946 quo
1106 894 1272 933 timoris
1293 895 1432 933 minus

125 951 198 999 sit,
231 965 278 991 eo
311 952 451 990 minus
492 951 623 990 ferme
664 950 840 1003 periculi
877 964 976 990 esse.
1040 954 1077 990 3.
1111 950 1307 991 Ceterflm
1349 965 1431 1004 prae

127 1010 309 1061 strepitu
330 1022 377 1047 ac
398 1008 590 1047 tumultu
612 1021 688 1047 nec
709 1008 930 1047 consilium
950 1022 1027 1047 nec
1048 1009 1275 1061 imperium
1297 1009 1430 1062 accipi

127 1070 308 1119 poterat,
330 1067 583 1118 tantilmque
605 1066 764 1114 aberat,
786 1070 835 1104 ut
865 1079 938 1104 sua
970 1067 1088 1117 signa
1118 1070 1246 1118 atque
1267 1067 1432 1106 ordines

125 1127 171 1163 et
191 1123 330 1163 locum
351 1126 583 1170 noscerent,
601 1126 650 1161 ut
666 1124 735 1161 vix
749 1123 801 1162 ad
818 1137 934 1162 arma
950 1123 1152 1175 capienda
1165 1124 1431 1176 aptandaque

126 1194 279 1234 pugnae
315 1184 558 1232 conpeteret
592 1181 771 1228 animus,
805 1181 1224 1233 opprimerenturque
1260 1181 1431 1233 quidam

127 1239 289 1278 onerati
331 1239 467 1290 magis
502 1238 581 1285 his,
616 1239 743 1289 quam
783 1239 915 1285 tecti3
958 1239 998 1277 4.
1030 1241 1074 1277 et
1106 1242 1196 1277 erat
1232 1239 1275 1277 in
1313 1242 1434 1278 tanta

126 1295 310 1349 caligine
331 1295 464 1348 major
485 1308 582 1333 usus
603 1295 769 1333 aurium
792 1308 918 1347 quam
941 1295 1170 1334 oculorum.
1214 1295 1279 1334 Ad
1300 1297 1435 1348 gemi-

130 1355 197 1392 tfis
237 1353 458 1392 vulnerum
500 1353 693 1404 ictfisque
738 1365 958 1404 corporum
1001 1357 1077 1391 aut
1125 1365 1351 1402 armorum,
1392 1356 1435 1393 et

128 1411 283 1450 mixtos
317 1411 596 1462 strepentium
640 1410 970 1462 paventiumque
1004 1409 1219 1456 clamores,
1257 1411 1434 1450 circum-

127 1468 318 1507 ferebant
338 1481 408 1506 ora
429 1467 664 1519 oculosque.
727 1469 766 1506 5.
799 1467 886 1505 Alii
908 1468 1120 1519 fugientes
1150 1469 1433 1520 pugnantium

127 1525 253 1578 globo
307 1524 419 1564 illati
466 1524 709 1564 haerebant:
761 1524 863 1563 alios
904 1525 1122 1564 redeuntes
1164 1527 1208 1563 in
1249 1538 1434 1577 pugnam

129 1583 344 1622 avertebat
363 1583 622 1635 fugientium
643 1595 807 1634 agmen.
870 1582 908 1621 6.
940 1582 1116 1632 Deinde,
1132 1582 1206 1621 ubi
1228 1583 1272 1621 in
1295 1595 1435 1622 omnes

131 1643 266 1693 partes
287 1640 542 1692 nequiquam
563 1640 747 1691 impetfis
768 1640 896 1692 eapti,
911 1644 954 1678 et
973 1640 1026 1679 ab
1048 1639 1251 1679 lateribus
1272 1644 1436 1679 montes

129 1711 176 1737 ac
198 1697 327 1746 lacus,
349 1710 373 1736 a
393 1697 531 1736 fronte
553 1701 595 1735 et
617 1696 670 1735 ab
691 1700 811 1749 tergo
842 1697 1028 1736 hostium
1060 1697 1169 1736 acies
1200 1697 1435 1746 claudebat,

128 1755 409 1807 apparuitque
450 1753 611 1793 nullam
651 1754 734 1793 nisi
771 1755 816 1792 in
857 1754 1029 1794 dextera
1061 1754 1254 1806 ferroque
1287 1754 1436 1794 salutis

128 1825 244 1865 spem
286 1825 388 1859 esse,
431 1811 468 1851 7.
501 1815 593 1850 tum
635 1811 716 1850 sibi
757 1812 934 1863 quisque
975 1812 1059 1850 dux
1109 1811 1435 1865 adhortatorque

129 1870 265 1909 factus
305 1869 358 1908 ad
398 1881 487 1908 rem
526 1867 765 1920 gerendam,
794 1872 838 1908 et
861 1881 968 1908 nova
1004 1869 1055 1908 de
1090 1869 1256 1922 integro
1293 1873 1435 1909 exorta

129 1940 271 1980 pugna
293 1929 381 1974 est3
412 1939 496 1965 non
517 1925 593 1964 illa
614 1925 807 1965 ordinata
837 1939 912 1978 per
933 1927 1145 1979 principes
1165 1927 1435 1979 hastatosque

128 1998 177 2024 ac
212 1985 394 2032 triarios,
415 1997 492 2023 nec
528 1986 578 2023 ut
612 1996 686 2035 pro
718 1984 849 2035 signis
880 1984 1162 2036 antesignani,
1193 1987 1288 2036 post
1319 1985 1435 2036 signa

128 2041 213 2081 alia
248 2045 456 2094 pugnaret
489 2041 614 2089 acies,
644 2053 721 2080 nec
754 2044 804 2080 ut
833 2042 878 2080 in
910 2046 985 2081 sua
1015 2041 1180 2094 legione
1211 2041 1333 2081 miles
1362 2045 1436 2081 aut

126 2099 300 2139 cohorte
339 2102 415 2139 aut
455 2097 671 2150 manipulo
717 2101 838 2138 esset.
900 2101 938 2138 8.
971 2098 1073 2138 Fors
1113 2098 1352 2151 conglobat,
1393 2102 1436 2139 et

127 2157 294 2196 animus
326 2169 421 2196 suus
452 2156 602 2208 cuique
635 2156 733 2195 ante
763 2159 839 2196 aut
868 2156 963 2209 post
994 2155 1209 2209 pugnandi
1245 2156 1435 2196 ordinem

126 2213 281 2261 dabat;
312 2217 541 2265 tantusque
571 2213 658 2252 fuit
687 2213 808 2252 ardor
838 2214 1089 2262 animorum,
1110 2213 1214 2253 adeo
1245 2214 1437 2254 intentus

128 2284 281 2324 pugnae
315 2271 495 2319 animus,
517 2273 566 2309 ut
598 2283 695 2310 eum
730 2274 895 2310 motum
931 2274 1067 2319 terrae,
1099 2271 1172 2323 qui
1205 2271 1435 2311 multarum

128 2328 297 2368 urbium
338 2327 477 2368 Italiae
515 2340 690 2380 magnas
729 2331 868 2380 partes
917 2329 1159 2381 prostravit,
1199 2329 1436 2382 avertitque

125 2399 249 2426 cursu
279 2386 446 2438 rapidos
476 2398 632 2433 amnes,
654 2398 768 2425 mare
798 2384 1045 2425 fluminibus
1075 2386 1251 2434 invexit,
1273 2389 1437 2426 montes

127 2442 247 2496 lapsu
267 2443 434 2496 ingenti
456 2443 634 2496 proruit,
656 2455 779 2482 nemo
801 2444 1087 2496 pugnantium
1109 2444 1300 2483 senserit.
