1621 2718
507 147 675 184 LIBER,
711 147 847 183 XXII.
905 147 1020 185 CAP.
1051 147 1118 184 LI.
1411 147 1457 184 til

153 271 253 298 eum
288 256 494 297 cumulati
524 257 684 309 jacent,
719 257 829 296 cives
861 257 974 296 estis.
1037 259 1075 296 8.
1110 256 1192 296 Sed
1233 261 1456 310 antequam

152 315 360 367 opprimit
399 314 471 354 lux
513 313 753 366 majoraque
792 314 977 354 hostium
1015 315 1186 366 agmina
1225 315 1459 367 obsaepiunt

119 376 128 381 ”
153 373 250 422 iter,
272 385 346 425 per
377 372 464 420 hos,
492 372 566 424 qui
586 371 815 410 inordinati
836 375 962 423 atque
982 372 1250 423 incompositi
1272 372 1454 425 obstrep-

156 433 233 469 unt,
262 430 408 482 portis,
444 442 724 481 erumpamus.
801 432 839 467 9.
871 429 998 468 Ferro
1027 432 1155 481 atque
1185 429 1360 468 audaci-51
1391 431 1457 469 via

152 485 205 526 fit
237 487 428 539 quamvis
460 499 533 538 per
566 485 773 525 confertos
801 486 944 525 hostis.
1006 486 1146 526 Cuneo
1175 486 1346 539 quidem
1378 487 1455 526 hoc

152 541 295 582 laxum
310 547 437 596 atque
458 543 641 582 solutum
657 556 821 595 agmen,
838 548 887 582 ut
908 545 941 582 si
963 543 1073 582 nihil
1093 543 1245 593 obstet,
1259 543 1454 596 disjicias.

151 599 302 652 Itaque
323 601 384 640 ite
404 613 584 649 mecum,
605 601 678 652 qui
699 607 742 639 et
763 604 921 639 vosmet
942 602 1052 653 ipsos
1071 604 1114 640 et
1135 614 1221 640 rem
1243 601 1454 652 publicam

148 657 307 697 salvam
328 656 493 696 vultis.’'
557 660 621 696 10.
653 657 755 697 Haec
768 657 841 696 ubi
864 658 978 696 dicta
994 658 1126 707 dedit,
1143 659 1317 710 stringit
1337 659 1454 711 glad-

149 714 240 753 ium
279 727 493 766 cuneoque
531 714 642 753 facto
682 727 754 766 per
790 715 949 753 medios
996 715 1115 753 vadit
1154 715 1307 754 hostes.
1389 719 1447 755 11.

149 770 208 810 Et
246 784 378 824 quum
413 773 459 810 in
494 771 604 810 latus
645 772 854 819 dextrum,
886 772 995 823 quod
1034 772 1220 824 patebat,
1254 773 1451 813 Numidae

138 827 444 880 jacularentur,
480 829 693 868 translatis
733 830 773 868 in
817 829 1011 868 dextrum
1046 830 1176 868 scutis
1208 831 1253 868 in
1294 830 1451 881 majora

28 913 31 915 -
90 933 95 937 .
147 889 281 925 castra
301 886 355 925 ad
382 887 567 926 sexcenti
599 890 831 935 evaserunt,
854 890 980 939 atque
1012 886 1110 926 inde
1140 888 1346 939 protinus,
1367 887 1449 926 ali«)

146 955 298 995 magno
346 945 516 996 agmine
555 943 768 996 adjuncto,
811 943 1039 983 Canusium
1086 943 1316 983 incolumes
1358 958 1449 997 per-

148 1001 334 1040 veniunt.
400 1003 465 1039 12.
497 1001 600 1040 Haec
632 1001 743 1053 apud
771 1002 903 1040 victos
935 1002 1068 1053 magis
1097 1002 1264 1053 impetu
1290 1002 1448 1040 animo-

144 1070 250 1106 rum,
272 1071 375 1110 quos
395 1059 616 1110 ingenium
638 1071 759 1097 suum
779 1059 929 1111 cuique
961 1063 1035 1097 aut
1055 1059 1137 1097 fors
1158 1059 1298 1107 dabat,
1321 1061 1444 1110 quam

141 1127 193 1153 ex
214 1115 392 1154 consilio
414 1117 601 1168 ipsorum
621 1120 694 1154 aut
715 1117 893 1168 imperio
915 1116 1161 1168 cujusquam
1181 1116 1426 1168 agebartur.

600 1344 865 1385 CHAPTER
900 1345 972 1384 LI.

136 1432 310 1464 Maharbal
326 1433 454 1465 advises
477 1444 518 1464 an
535 1433 719 1464 immediate
745 1433 853 1464 march
872 1444 957 1474 upon
986 1433 1096 1464 Rome.
1143 1433 1245 1463 then
1275 1434 1441 1465 Hannibal

179 1477 255 1507 tells
271 1476 339 1507 him
354 1476 427 1507 that
443 1477 498 1508 the
513 1483 630 1507 matter
645 1476 788 1517 requires
804 1477 1050 1513 consideration,
1068 1477 1107 1507 he
1123 1477 1239 1517 replies
1255 1477 1326 1507 that
1351 1477 1442 1507 Han-

178 1519 269 1550 nibal
284 1519 396 1551 knows
412 1520 484 1551 how
499 1524 531 1551 to
547 1520 633 1560 gain,
651 1521 707 1550 but
731 1525 785 1551 not
803 1526 836 1549 to
859 1530 927 1556 use,
952 1531 971 1550 a
995 1519 1127 1560 victory.
1178 1521 1386 1560 Appearance
1409 1521 1440 1548 ο(

179 1562 233 1593 the
248 1562 443 1594 battle-field
459 1573 499 1594 on
516 1563 570 1593 the
587 1569 664 1593 next
678 1562 750 1603 day.
761 1572 857 1593 —B.e.
877 1564 948 1593 216.

224 1641 261 1678 1.
294 1639 538 1679 HANNIBALI
560 1641 712 1679 victori
735 1653 864 1692 quum
887 1640 1015 1679 ceteri
1037 1640 1280 1678 circumfusi
1298 1646 1436 1692 gratu-

136 1697 336 1744 larentur,
363 1697 683 1749 suaderentque,
704 1704 765 1744 ut,
787 1701 906 1736 tanto
932 1697 1177 1749 perfunctus
1205 1697 1332 1746 bello,
1353 1698 1438 1737 diei

134 1753 245 1806 quod
277 1753 487 1806 reliquum
518 1758 627 1792 esset
654 1755 870 1806 noctisque
898 1755 1157 1805 insequentis
1184 1755 1372 1806 quietem
1397 1759 1441 1794 et

132 1811 222 1863 ipse
238 1810 320 1850 sibi
334 1815 529 1860 sumeret,
543 1815 586 1850 et
599 1812 716 1850 fessis
733 1811 851 1850 daret
865 1811 1077 1851 militibus
1093 1825 1102 1857 3
1134 1814 1172 1849 2.
1204 1811 1438 1861 Maharbal,

135 1868 353 1920 praefectus
373 1869 579 1921 equitum,
610 1869 785 1907 minime
815 1868 1060 1908 cessandum
1090 1872 1218 1916 ratus,
1242 1872 1268 1891 ‘⁶
1284 1869 1437 1917 Immo,

132 1929 195 1974 ut,
215 1925 320 1977 quid
340 1925 418 1964 hac
439 1930 581 1978 pugna
603 1926 659 1964 sit
675 1929 830 1974 actum,
848 1926 966 1973 scias,
983 1926 1051 1965 die
1072 1924 1260 1977 quinto?
1282 1927 1438 1978 inquit,

131 1986 160 2004 “
173 1983 307 2021 victor
328 1983 373 2021 in
391 1981 600 2034 Capitolio
617 1982 866 2035 epulaberis.
927 1982 1110 2035 Sequere
1128 1997 1137 2021 ε
1170 1996 1265 2021 cum
1283 1984 1437 2035 equite,

132 2042 182 2078 ut
212 2040 331 2091 prius
366 2040 540 2088 venisse,
573 2041 701 2092 quam
734 2044 973 2089 venturum,
995 2041 1144 2088 sciant,
1166 2040 1437 2092 praecedam.”

133 2099 172 2135 3.
203 2095 439 2136 Hannibali
474 2097 601 2136 nimis
637 2097 734 2136 laeta
764 2110 827 2136 res
852 2102 914 2136 est
945 2099 1033 2136 visa
1060 2097 1288 2149 majorque,
1309 2099 1437 2149 quam

128 2156 180 2192 ut
199 2166 293 2192 eam
314 2154 460 2193 statim
481 2167 625 2206 capere
646 2155 787 2193 animo
807 2159 958 2206 posset.
1003 2154 1152 2206 Itaque
1174 2153 1437 2194 voluntatem

131 2223 173 2250 se
213 2210 384 2250 laudare
425 2210 685 2250 Maharbalis
716 2212 792 2259 ait,
825 2212 878 2250 ad
919 2211 1141 2250 consilium
1176 2211 1436 2263 pensandum

128 2269 332 2320 temporis
353 2281 456 2320 opus
487 2281 585 2307 esse.
647 2271 686 2307 4.
718 2268 828 2307 Tum
857 2268 1100 2307 Maharbal:
1135 2268 1272 2307 “Non
1296 2270 1438 2308 omnia

131 2325 336 2364 nimirum
356 2325 495 2364 eidem
516 2325 575 2364 dii
596 2325 771 2365 dedere:
803 2326 969 2365 vincere
990 2327 1084 2375 scis,
1100 2325 1329 2373 Hannibal,
1350 2327 1437 2366 vic-

130 2383 241 2421 toria
260 2383 327 2421 uti
348 2381 518 2421 nescis.”
578 2382 699 2422 Mora
727 2382 816 2434 ejus
843 2382 928 2422 diei
960 2385 1061 2422 satis
1091 2383 1277 2422 creditur
1307 2383 1433 2423 saluti

129 2439 257 2478 fuisse
277 2439 372 2478 urbi
393 2443 519 2492 atque
540 2439 732 2492 imperio.
