<?xml version="1.0" encoding="UTF-8"?>
<!DOCTYPE html PUBLIC "-//W3C//DTD XHTML 1.0 Transitional//EN"
    "http://www.w3.org/TR/xhtml1/DTD/xhtml1-transitional.dtd">
<html xmlns="http://www.w3.org/1999/xhtml" xml:lang="en" lang="en">
 <head>
  <title>
</title>
<meta http-equiv="Content-Type" content="text/html;charset=utf-8" />
  <meta name='ocr-system' content='tesseract 3.04.00' />
  <meta name='ocr-capabilities' content='ocr_page ocr_carea ocr_par ocr_line ocrx_word'/>
</head>
<body>
  <div class='ocr_page' id='page_1' title='image "./twentysecondbook00livyuoft_0013.png"; bbox 0 0 1621 2718; ppageno 0'>
   <div class='ocr_carea' id='block_1_1' title="bbox 0 735 1456 819">
    <p class='ocr_par' dir='ltr' id='par_1_1' title="bbox 0 735 1456 819">
     <span class='ocr_line' id='line_1_1' title="bbox 0 735 1456 819; baseline -0.002 0"><span class='ocrx_word' id='word_1_1' title='bbox 0 735 68 819; x_wconf 61' lang='grc' dir='ltr'><em>ι</em></span> <span class='ocrx_word' id='word_1_2' title='bbox 150 754 364 816; x_wconf 77' lang='grc' dir='ltr'><strong>ΤΙΤΙ</strong></span> <span class='ocrx_word' id='word_1_3' title='bbox 415 754 685 815; x_wconf 80' lang='lat' dir='ltr'><strong>LIVH</strong></span> <span class='ocrx_word' id='word_1_4' title='bbox 734 754 1456 816; x_wconf 70' lang='lat' dir='ltr'>HISTORIARUM</span> 
     </span>
    </p>
   </div>
   <div class='ocr_carea' id='block_1_2' title="bbox 608 883 998 916">
    <p class='ocr_par' dir='ltr' id='par_1_2' title="bbox 608 883 998 916">
     <span class='ocr_line' id='line_1_2' title="bbox 608 883 998 916; baseline -0.003 0"><span class='ocrx_word' id='word_1_5' title='bbox 608 883 795 916; x_wconf 81' lang='lat' dir='ltr'>LIBER</span> <span class='ocrx_word' id='word_1_6' title='bbox 844 883 998 915; x_wconf 84' lang='lat' dir='ltr'>XXII.</span> 
     </span>
    </p>
   </div>
   <div class='ocr_carea' id='block_1_3' title="bbox 804 991 1017 996">
    <p class='ocr_par' dir='ltr' id='par_1_3' title="bbox 804 991 1017 996">
     <span class='ocr_line' id='line_1_3' title="bbox 804 991 1017 996; baseline 0 0"><span class='ocrx_word' id='word_1_7' title='bbox 804 991 1017 996; x_wconf 95' lang='lat' dir='ltr'> </span> 
     </span>
    </p>
   </div>
   <div class='ocr_carea' id='block_1_4' title="bbox 847 1000 1121 1006">
    <p class='ocr_par' dir='ltr' id='par_1_4' title="bbox 847 1000 1121 1006">
     <span class='ocr_line' id='line_1_4' title="bbox 847 1000 1121 1006; baseline 0 0"><span class='ocrx_word' id='word_1_8' title='bbox 847 1000 1121 1006; x_wconf 95' lang='lat' dir='ltr'> </span> 
     </span>
    </p>
   </div>
   <div class='ocr_carea' id='block_1_5' title="bbox 635 1106 972 1147">
    <p class='ocr_par' dir='ltr' id='par_1_5' title="bbox 635 1106 972 1147">
     <span class='ocr_line' id='line_1_5' title="bbox 635 1106 972 1147; baseline -0.006 0"><span class='ocrx_word' id='word_1_9' title='bbox 635 1106 900 1147; x_wconf 89' lang='lat' dir='ltr'><strong>CHAPTER</strong></span> <span class='ocrx_word' id='word_1_10' title='bbox 938 1106 972 1145; x_wconf 93' lang='grc' dir='ltr'>Ι.</span> 
     </span>
    </p>
   </div>
   <div class='ocr_carea' id='block_1_6' title="bbox 149 1205 1463 1290">
    <p class='ocr_par' dir='ltr' id='par_1_6' title="bbox 149 1205 1463 1290">
     <span class='ocr_line' id='line_1_6' title="bbox 149 1205 1462 1247; baseline 0.002 -10"><span class='ocrx_word' id='word_1_11' title='bbox 149 1205 317 1239; x_wconf 75' lang='lat' dir='ltr'><strong>Hannibal</strong></span> <span class='ocrx_word' id='word_1_12' title='bbox 335 1206 424 1246; x_wconf 67' lang='lat' dir='ltr'>quim</span> <span class='ocrx_word' id='word_1_13' title='bbox 443 1207 493 1238; x_wconf 77' lang='lat' dir='ltr'>h&#39;s</span> <span class='ocrx_word' id='word_1_14' title='bbox 508 1209 624 1237; x_wconf 79' lang='lat' dir='ltr'>winter</span> <span class='ocrx_word' id='word_1_15' title='bbox 638 1210 798 1247; x_wconf 84' lang='lat' dir='ltr'>quarters.</span> <span class='ocrx_word' id='word_1_16' title='bbox 844 1206 943 1237; x_wconf 74' lang='lat' dir='ltr'>Pears</span> <span class='ocrx_word' id='word_1_17' title='bbox 960 1206 1194 1238; x_wconf 77' lang='lat' dir='ltr'>assassination</span> <span class='ocrx_word' id='word_1_18' title='bbox 1212 1207 1256 1247; x_wconf 70' lang='lat' dir='ltr'>by</span> <span class='ocrx_word' id='word_1_19' title='bbox 1274 1206 1328 1236; x_wconf 81' lang='lat' dir='ltr'>the</span> <span class='ocrx_word' id='word_1_20' title='bbox 1345 1207 1462 1239; x_wconf 77' lang='lat' dir='ltr'>Gauls.</span> 
     </span>
     <span class='ocr_line' id='line_1_7' title="bbox 194 1248 1463 1290; baseline 0 -10"><span class='ocrx_word' id='word_1_21' title='bbox 194 1248 253 1280; x_wconf 89' lang='lat' dir='ltr'>Cn.</span> <span class='ocrx_word' id='word_1_22' title='bbox 270 1249 427 1280; x_wconf 78' lang='lat' dir='ltr'>Servilius</span> <span class='ocrx_word' id='word_1_23' title='bbox 443 1254 550 1280; x_wconf 74' lang='lat' dir='ltr'>enters</span> <span class='ocrx_word' id='word_1_24' title='bbox 567 1260 608 1280; x_wconf 93' lang='lat' dir='ltr'>on</span> <span class='ocrx_word' id='word_1_25' title='bbox 628 1250 678 1280; x_wconf 82' lang='lat' dir='ltr'>his</span> <span class='ocrx_word' id='word_1_26' title='bbox 702 1249 909 1290; x_wconf 86' lang='lat' dir='ltr'>Consulship.</span> <span class='ocrx_word' id='word_1_27' title='bbox 967 1249 1104 1280; x_wconf 70' lang='lat' dir='ltr'>Revival</span> <span class='ocrx_word' id='word_1_28' title='bbox 1132 1250 1168 1280; x_wconf 88' lang='lat' dir='ltr'>of</span> <span class='ocrx_word' id='word_1_29' title='bbox 1188 1249 1307 1279; x_wconf 78' lang='lat' dir='ltr'>ill-will</span> <span class='ocrx_word' id='word_1_30' title='bbox 1333 1249 1463 1289; x_wconf 80' lang='lat' dir='ltr'>against</span> 
     </span>
    </p>
   </div>
   <div class='ocr_carea' id='block_1_7' title="bbox 193 1291 1461 1376">
    <p class='ocr_par' dir='ltr' id='par_1_7' title="bbox 193 1291 1461 1376">
     <span class='ocr_line' id='line_1_8' title="bbox 194 1291 1461 1340; baseline -0.001 -17"><span class='ocrx_word' id='word_1_31' title='bbox 194 1291 229 1340; x_wconf 47' lang='lat' dir='ltr'>C..</span> <span class='ocrx_word' id='word_1_32' title='bbox 254 1291 446 1324; x_wconf 78' lang='lat' dir='ltr'>Flaminius.</span> <span class='ocrx_word' id='word_1_33' title='bbox 493 1292 677 1324; x_wconf 82' lang='lat' dir='ltr'>Numerous</span> <span class='ocrx_word' id='word_1_34' title='bbox 693 1291 861 1333; x_wconf 81' lang='lat' dir='ltr'>Prodigies</span> <span class='ocrx_word' id='word_1_35' title='bbox 888 1292 1037 1334; x_wconf 78' lang='lat' dir='ltr'>reported</span> <span class='ocrx_word' id='word_1_36' title='bbox 1060 1298 1094 1322; x_wconf 84' lang='lat' dir='ltr'>at</span> <span class='ocrx_word' id='word_1_37' title='bbox 1119 1292 1231 1324; x_wconf 84' lang='lat' dir='ltr'>Rome.</span> <span class='ocrx_word' id='word_1_38' title='bbox 1286 1292 1385 1323; x_wconf 83' lang='lat' dir='ltr'>Their</span> <span class='ocrx_word' id='word_1_39' title='bbox 1408 1303 1461 1323; x_wconf 85' lang='lat' dir='ltr'>ex-</span> 
     </span>
     <span class='ocr_line' id='line_1_9' title="bbox 193 1337 529 1376; baseline 0.003 -10"><span class='ocrx_word' id='word_1_40' title='bbox 193 1339 437 1376; x_wconf 77' lang='lat' dir='ltr'>Platlon.——B.c.</span> <span class='ocrx_word' id='word_1_41' title='bbox 455 1337 529 1368; x_wconf 91' lang='grc'><strong>217.</strong></span> 
     </span>
    </p>
   </div>
   <div class='ocr_carea' id='block_1_8' title="bbox 151 1428 1494 2617">
    <p class='ocr_par' dir='ltr' id='par_1_8' title="bbox 151 1428 1468 2215">
     <span class='ocr_line' id='line_1_10' title="bbox 156 1428 1465 1482; baseline -0.001 -14"><span class='ocrx_word' id='word_1_42' title='bbox 156 1430 192 1468; x_wconf 90' lang='lat'>1.</span> <span class='ocrx_word' id='word_1_43' title='bbox 224 1428 314 1469; x_wconf 63' lang='grc' dir='ltr'>,ΠΜ</span> <span class='ocrx_word' id='word_1_44' title='bbox 357 1442 430 1468; x_wconf 89' lang='lat' dir='ltr'>ver</span> <span class='ocrx_word' id='word_1_45' title='bbox 470 1429 712 1482; x_wconf 78' lang='lat' dir='ltr'>appetebat,</span> <span class='ocrx_word' id='word_1_46' title='bbox 753 1432 880 1481; x_wconf 84' lang='lat' dir='ltr'>atque</span> <span class='ocrx_word' id='word_1_47' title='bbox 923 1428 1140 1467; x_wconf 87' lang='lat' dir='ltr'>Hannibal</span> <span class='ocrx_word' id='word_1_48' title='bbox 1186 1442 1236 1468; x_wconf 78' lang='lat' dir='ltr'>ex</span> <span class='ocrx_word' id='word_1_49' title='bbox 1275 1428 1465 1468; x_wconf 88' lang='lat' dir='ltr'>hibernis</span> 
     </span>
     <span class='ocr_line' id='line_1_11' title="bbox 151 1486 1465 1539; baseline 0 -14"><span class='ocrx_word' id='word_1_50' title='bbox 151 1487 301 1535; x_wconf 77' lang='lat' dir='ltr'>movit,</span> <span class='ocrx_word' id='word_1_51' title='bbox 323 1490 367 1526; x_wconf 83' lang='lat' dir='ltr'>et</span> <span class='ocrx_word' id='word_1_52' title='bbox 387 1488 644 1539; x_wconf 85' lang='lat' dir='ltr'>nequiquam</span> <span class='ocrx_word' id='word_1_53' title='bbox 665 1490 763 1526; x_wconf 84' lang='lat' dir='ltr'>ante</span> <span class='ocrx_word' id='word_1_54' title='bbox 777 1490 952 1525; x_wconf 81' lang='lat' dir='ltr'>conatus</span> <span class='ocrx_word' id='word_1_55' title='bbox 969 1486 1263 1525; x_wconf 80' lang='lat' dir='ltr'>transcendere</span> <span class='ocrx_word' id='word_1_56' title='bbox 1278 1487 1465 1538; x_wconf 88' lang='lat' dir='ltr'>Apenni—</span> 
     </span>
     <span class='ocr_line' id='line_1_12' title="bbox 151 1543 1465 1596; baseline -0.001 -13"><span class='ocrx_word' id='word_1_57' title='bbox 151 1557 255 1583; x_wconf 90' lang='lat' dir='ltr'>num</span> <span class='ocrx_word' id='word_1_58' title='bbox 291 1543 567 1583; x_wconf 80' lang='lat' dir='ltr'>intolerandis</span> <span class='ocrx_word' id='word_1_59' title='bbox 598 1544 826 1596; x_wconf 81' lang='lat' dir='ltr'>frigoribus</span> <span class='ocrx_word' id='word_1_60' title='bbox 866 1549 908 1582; x_wconf 79' lang='lat' dir='ltr'>et</span> <span class='ocrx_word' id='word_1_61' title='bbox 950 1556 1047 1582; x_wconf 90' lang='lat' dir='ltr'>cum</span> <span class='ocrx_word' id='word_1_62' title='bbox 1080 1544 1243 1596; x_wconf 84' lang='lat' dir='ltr'>ingenti</span> <span class='ocrx_word' id='word_1_63' title='bbox 1276 1543 1465 1595; x_wconf 86' lang='lat' dir='ltr'>periculo</span> 
     </span>
     <span class='ocr_line' id='line_1_13' title="bbox 152 1600 1465 1653; baseline -0.001 -13"><span class='ocrx_word' id='word_1_64' title='bbox 152 1604 339 1641; x_wconf 78' lang='lat' dir='ltr'>moratus</span> <span class='ocrx_word' id='word_1_65' title='bbox 370 1614 418 1640; x_wconf 92' lang='lat' dir='ltr'>ac</span> <span class='ocrx_word' id='word_1_66' title='bbox 451 1605 583 1640; x_wconf 76' lang='lat' dir='ltr'>metu.</span> <span class='ocrx_word' id='word_1_67' title='bbox 647 1604 685 1640; x_wconf 90' lang='grc'>2.</span> <span class='ocrx_word' id='word_1_68' title='bbox 719 1601 849 1649; x_wconf 88' lang='lat' dir='ltr'>Galli,</span> <span class='ocrx_word' id='word_1_69' title='bbox 881 1614 982 1653; x_wconf 87' lang='lat' dir='ltr'>quos</span> <span class='ocrx_word' id='word_1_70' title='bbox 1023 1601 1172 1653; x_wconf 83' lang='lat' dir='ltr'>praedae</span> <span class='ocrx_word' id='word_1_71' title='bbox 1194 1600 1465 1653; x_wconf 82' lang='lat' dir='ltr'>population-</span> 
     </span>
     <span class='ocr_line' id='line_1_14' title="bbox 153 1659 1464 1711; baseline 0 -14"><span class='ocrx_word' id='word_1_72' title='bbox 153 1671 310 1711; x_wconf 88' lang='lat' dir='ltr'>umque</span> <span class='ocrx_word' id='word_1_73' title='bbox 345 1659 586 1698; x_wconf 75' lang='lat' dir='ltr'>conciverat</span> <span class='ocrx_word' id='word_1_74' title='bbox 627 1672 730 1711; x_wconf 88' lang='lat' dir='ltr'>spes,</span> <span class='ocrx_word' id='word_1_75' title='bbox 755 1661 978 1711; x_wconf 84' lang='lat' dir='ltr'>postquam</span> <span class='ocrx_word' id='word_1_76' title='bbox 1012 1671 1086 1710; x_wconf 89' lang='lat' dir='ltr'>pro</span> <span class='ocrx_word' id='word_1_77' title='bbox 1118 1671 1180 1705; x_wconf 91' lang='lat' dir='ltr'>eo,</span> <span class='ocrx_word' id='word_1_78' title='bbox 1217 1662 1266 1697; x_wconf 71' lang='lat' dir='ltr'>ut,</span> <span class='ocrx_word' id='word_1_79' title='bbox 1301 1659 1381 1710; x_wconf 91' lang='lat' dir='ltr'>ipsi</span> <span class='ocrx_word' id='word_1_80' title='bbox 1415 1672 1464 1697; x_wconf 79' lang='lat' dir='ltr'>ex</span> 
     </span>
     <span class='ocr_line' id='line_1_15' title="bbox 153 1715 1463 1769; baseline -0.001 -14"><span class='ocrx_word' id='word_1_81' title='bbox 153 1715 291 1755; x_wconf 84' lang='lat' dir='ltr'>alieno</span> <span class='ocrx_word' id='word_1_82' title='bbox 313 1729 413 1768; x_wconf 84' lang='lat' dir='ltr'>agro</span> <span class='ocrx_word' id='word_1_83' title='bbox 439 1720 634 1768; x_wconf 74' lang='lat' dir='ltr'>raperent</span> <span class='ocrx_word' id='word_1_84' title='bbox 655 1719 927 1769; x_wconf 80' lang='lat' dir='ltr'>agerentque,</span> <span class='ocrx_word' id='word_1_85' title='bbox 942 1729 1035 1754; x_wconf 86' lang='lat' dir='ltr'>suas</span> <span class='ocrx_word' id='word_1_86' title='bbox 1052 1719 1185 1754; x_wconf 83' lang='lat' dir='ltr'>terras</span> <span class='ocrx_word' id='word_1_87' title='bbox 1202 1715 1344 1754; x_wconf 86' lang='lat' dir='ltr'>sedem</span> <span class='ocrx_word' id='word_1_88' title='bbox 1362 1715 1463 1755; x_wconf 89' lang='lat' dir='ltr'>belli</span> 
     </span>
     <span class='ocr_line' id='line_1_16' title="bbox 154 1773 1465 1826; baseline -0.001 -14"><span class='ocrx_word' id='word_1_89' title='bbox 154 1786 241 1813; x_wconf 87' lang='lat' dir='ltr'>esse</span> <span class='ocrx_word' id='word_1_90' title='bbox 283 1774 502 1826; x_wconf 86' lang='lat' dir='ltr'>premique</span> <span class='ocrx_word' id='word_1_91' title='bbox 542 1774 761 1825; x_wconf 81' lang='lat' dir='ltr'>utriusque</span> <span class='ocrx_word' id='word_1_92' title='bbox 802 1774 934 1825; x_wconf 85' lang='lat' dir='ltr'>partis</span> <span class='ocrx_word' id='word_1_93' title='bbox 971 1773 1234 1811; x_wconf 81' lang='lat' dir='ltr'>exercituum</span> <span class='ocrx_word' id='word_1_94' title='bbox 1276 1773 1465 1812; x_wconf 87' lang='lat' dir='ltr'>hibernis</span> 
     </span>
     <span class='ocr_line' id='line_1_17' title="bbox 154 1829 1466 1878; baseline 0 -9"><span class='ocrx_word' id='word_1_95' title='bbox 154 1830 368 1878; x_wconf 78' lang='lat' dir='ltr'>viderunt,</span> <span class='ocrx_word' id='word_1_96' title='bbox 391 1834 609 1870; x_wconf 79' lang='lat' dir='ltr'>verterunt</span> <span class='ocrx_word' id='word_1_97' title='bbox 638 1834 748 1870; x_wconf 83' lang='lat' dir='ltr'>retro</span> <span class='ocrx_word' id='word_1_98' title='bbox 786 1831 831 1869; x_wconf 87' lang='lat' dir='ltr'>in</span> <span class='ocrx_word' id='word_1_99' title='bbox 860 1829 1146 1869; x_wconf 84' lang='lat' dir='ltr'>Hannibalem</span> <span class='ocrx_word' id='word_1_100' title='bbox 1177 1829 1230 1868; x_wconf 88' lang='lat' dir='ltr'>ab</span> <span class='ocrx_word' id='word_1_101' title='bbox 1263 1829 1466 1869; x_wconf 87' lang='lat' dir='ltr'>Romanis</span> 
     </span>
     <span class='ocr_line' id='line_1_18' title="bbox 154 1887 1464 1940; baseline -0.001 -13"><span class='ocrx_word' id='word_1_102' title='bbox 154 1888 278 1935; x_wconf 82' lang='lat' dir='ltr'>odia3</span> <span class='ocrx_word' id='word_1_103' title='bbox 321 1890 359 1927; x_wconf 85' lang='lat'>3.</span> <span class='ocrx_word' id='word_1_104' title='bbox 391 1889 636 1940; x_wconf 79' lang='lat' dir='ltr'>petitusque</span> <span class='ocrx_word' id='word_1_105' title='bbox 662 1901 769 1940; x_wconf 85' lang='lat' dir='ltr'>saepe</span> <span class='ocrx_word' id='word_1_106' title='bbox 800 1888 1040 1939; x_wconf 85' lang='lat' dir='ltr'>principum</span> <span class='ocrx_word' id='word_1_107' title='bbox 1072 1887 1253 1934; x_wconf 72' lang='lat' dir='ltr'>insidiis,</span> <span class='ocrx_word' id='word_1_108' title='bbox 1276 1888 1464 1940; x_wconf 86' lang='lat' dir='ltr'>ipsorum</span> 
     </span>
     <span class='ocr_line' id='line_1_19' title="bbox 153 1945 1467 1998; baseline 0 -14"><span class='ocrx_word' id='word_1_109' title='bbox 153 1945 265 1998; x_wconf 80' lang='lat' dir='ltr'>inter</span> <span class='ocrx_word' id='word_1_110' title='bbox 296 1959 338 1984; x_wconf 86' lang='lat' dir='ltr'>se</span> <span class='ocrx_word' id='word_1_111' title='bbox 360 1945 520 1994; x_wconf 88' lang='lat' dir='ltr'>fraude,</span> <span class='ocrx_word' id='word_1_112' title='bbox 542 1945 689 1985; x_wconf 64' lang='lat' dir='ltr'>eadem</span> <span class='ocrx_word' id='word_1_113' title='bbox 719 1945 907 1993; x_wconf 82' lang='lat' dir='ltr'>levitate,</span> <span class='ocrx_word' id='word_1_114' title='bbox 930 1949 1013 1997; x_wconf 70' lang='lat' dir='ltr'>qua</span> <span class='ocrx_word' id='word_1_115' title='bbox 1036 1949 1344 1992; x_wconf 76' lang='lat' dir='ltr'>consenserant,</span> <span class='ocrx_word' id='word_1_116' title='bbox 1368 1958 1467 1984; x_wconf 90' lang='lat' dir='ltr'>con-</span> 
     </span>
     <span class='ocr_line' id='line_1_20' title="bbox 155 2002 1466 2051; baseline -0.001 -9"><span class='ocrx_word' id='word_1_117' title='bbox 155 2015 322 2042; x_wconf 81' lang='lat' dir='ltr'>sensum</span> <span class='ocrx_word' id='word_1_118' title='bbox 354 2003 654 2051; x_wconf 79' lang='lat' dir='ltr'>indicantium,</span> <span class='ocrx_word' id='word_1_119' title='bbox 679 2006 865 2042; x_wconf 85' lang='lat' dir='ltr'>servatus</span> <span class='ocrx_word' id='word_1_120' title='bbox 894 2006 1009 2050; x_wconf 77' lang='lat' dir='ltr'>erat3</span> <span class='ocrx_word' id='word_1_121' title='bbox 1042 2007 1085 2042; x_wconf 77' lang='lat' dir='ltr'>et</span> <span class='ocrx_word' id='word_1_122' title='bbox 1113 2002 1319 2042; x_wconf 84' lang='lat' dir='ltr'>mutando</span> <span class='ocrx_word' id='word_1_123' title='bbox 1351 2015 1466 2041; x_wconf 88' lang='lat' dir='ltr'>nunc</span> 
     </span>
     <span class='ocr_line' id='line_1_21' title="bbox 153 2060 1468 2113; baseline -0.002 -13"><span class='ocrx_word' id='word_1_124' title='bbox 153 2063 329 2109; x_wconf 83' lang='lat' dir='ltr'>vestem,</span> <span class='ocrx_word' id='word_1_125' title='bbox 350 2073 463 2100; x_wconf 87' lang='lat' dir='ltr'>nunc</span> <span class='ocrx_word' id='word_1_126' title='bbox 493 2064 741 2113; x_wconf 78' lang='lat' dir='ltr'>tegumenta</span> <span class='ocrx_word' id='word_1_127' title='bbox 773 2061 937 2113; x_wconf 81' lang='lat' dir='ltr'>capitis,</span> <span class='ocrx_word' id='word_1_128' title='bbox 959 2073 1094 2099; x_wconf 88' lang='lat' dir='ltr'>errore</span> <span class='ocrx_word' id='word_1_129' title='bbox 1125 2060 1257 2099; x_wconf 82' lang='lat' dir='ltr'>etiam</span> <span class='ocrx_word' id='word_1_130' title='bbox 1293 2073 1381 2099; x_wconf 86' lang='lat' dir='ltr'>sese</span> <span class='ocrx_word' id='word_1_131' title='bbox 1414 2060 1468 2098; x_wconf 86' lang='lat' dir='ltr'>ab</span> 
     </span>
     <span class='ocr_line' id='line_1_22' title="bbox 154 2117 1468 2170; baseline -0.002 -13"><span class='ocrx_word' id='word_1_132' title='bbox 154 2118 319 2158; x_wconf 82' lang='lat' dir='ltr'>insidiis</span> <span class='ocrx_word' id='word_1_133' title='bbox 353 2118 579 2158; x_wconf 76' lang='lat' dir='ltr'>munierat.</span> <span class='ocrx_word' id='word_1_134' title='bbox 642 2120 681 2157; x_wconf 89' lang='lat'>4.</span> <span class='ocrx_word' id='word_1_135' title='bbox 715 2117 911 2158; x_wconf 74' lang='lat' dir='ltr'>Ceterum</span> <span class='ocrx_word' id='word_1_136' title='bbox 952 2117 1021 2156; x_wconf 87' lang='lat' dir='ltr'>hic</span> <span class='ocrx_word' id='word_1_137' title='bbox 1058 2131 1225 2170; x_wconf 90' lang='lat' dir='ltr'>quoque</span> <span class='ocrx_word' id='word_1_138' title='bbox 1263 2119 1301 2156; x_wconf 81' lang='lat' dir='ltr'>ei</span> <span class='ocrx_word' id='word_1_139' title='bbox 1334 2118 1468 2156; x_wconf 82' lang='lat' dir='ltr'>timor</span> 
     </span>
     <span class='ocr_line' id='line_1_23' title="bbox 155 2174 1124 2215; baseline -0.002 0"><span class='ocrx_word' id='word_1_140' title='bbox 155 2188 278 2215; x_wconf 87' lang='lat' dir='ltr'>causa</span> <span class='ocrx_word' id='word_1_141' title='bbox 299 2176 385 2215; x_wconf 78' lang='lat' dir='ltr'>fuit</span> <span class='ocrx_word' id='word_1_142' title='bbox 406 2176 614 2215; x_wconf 68' lang='lat' dir='ltr'>maturihs</span> <span class='ocrx_word' id='word_1_143' title='bbox 634 2175 830 2215; x_wconf 82' lang='lat' dir='ltr'>movendi</span> <span class='ocrx_word' id='word_1_144' title='bbox 853 2189 902 2214; x_wconf 84' lang='lat' dir='ltr'>ex</span> <span class='ocrx_word' id='word_1_145' title='bbox 924 2174 1124 2214; x_wconf 87' lang='lat' dir='ltr'>hibernis.</span> 
     </span>
    </p>

    <p class='ocr_par' dir='ltr' id='par_1_9' title="bbox 154 2231 1494 2572">
     <span class='ocr_line' id='line_1_24' title="bbox 244 2231 1469 2285; baseline 0 -13"><span class='ocrx_word' id='word_1_146' title='bbox 244 2234 282 2273; x_wconf 92' lang='lat'>5.</span> <span class='ocrx_word' id='word_1_147' title='bbox 315 2233 396 2273; x_wconf 88' lang='lat' dir='ltr'>Per</span> <span class='ocrx_word' id='word_1_148' title='bbox 429 2233 542 2273; x_wconf 89' lang='lat' dir='ltr'>idem</span> <span class='ocrx_word' id='word_1_149' title='bbox 579 2237 747 2285; x_wconf 83' lang='lat' dir='ltr'>tempus</span> <span class='ocrx_word' id='word_1_150' title='bbox 780 2231 854 2272; x_wconf 88' lang='lat' dir='ltr'>Cn.</span> <span class='ocrx_word' id='word_1_151' title='bbox 892 2231 1096 2272; x_wconf 85' lang='lat' dir='ltr'>Servilius</span> <span class='ocrx_word' id='word_1_152' title='bbox 1132 2231 1279 2271; x_wconf 83' lang='lat' dir='ltr'>consul</span> <span class='ocrx_word' id='word_1_153' title='bbox 1321 2232 1469 2272; x_wconf 83' lang='lat' dir='ltr'>Romae</span> 
     </span>
     <span class='ocr_line' id='line_1_25' title="bbox 157 2289 1494 2343; baseline -0.001 -13"><span class='ocrx_word' id='word_1_154' title='bbox 157 2290 304 2330; x_wconf 83' lang='lat' dir='ltr'>Idibus</span> <span class='ocrx_word' id='word_1_155' title='bbox 325 2291 496 2330; x_wconf 84' lang='lat' dir='ltr'>Martiis</span> <span class='ocrx_word' id='word_1_156' title='bbox 517 2291 816 2343; x_wconf 77' lang='lat' dir='ltr'>magistratum</span> <span class='ocrx_word' id='word_1_157' title='bbox 838 2290 952 2329; x_wconf 84' lang='lat' dir='ltr'>iniit.</span> <span class='ocrx_word' id='word_1_158' title='bbox 1005 2289 1073 2329; x_wconf 92' lang='lat' dir='ltr'>Ibi</span> <span class='ocrx_word' id='word_1_159' title='bbox 1095 2303 1227 2342; x_wconf 90' lang='lat' dir='ltr'>quum</span> <span class='ocrx_word' id='word_1_160' title='bbox 1244 2289 1296 2329; x_wconf 90' lang='lat' dir='ltr'>de</span> <span class='ocrx_word' id='word_1_161' title='bbox 1314 2289 1470 2342; x_wconf 86' lang='lat' dir='ltr'>repub—</span> <span class='ocrx_word' id='word_1_162' title='bbox 1490 2329 1494 2333; x_wconf 75' lang='grc'>,</span> 
     </span>
     <span class='ocr_line' id='line_1_26' title="bbox 159 2346 1470 2400; baseline -0.002 -12"><span class='ocrx_word' id='word_1_163' title='bbox 159 2347 244 2387; x_wconf 68' lang='lat' dir='ltr'>lica</span> <span class='ocrx_word' id='word_1_164' title='bbox 274 2347 503 2397; x_wconf 79' lang='lat' dir='ltr'>retulisset,</span> <span class='ocrx_word' id='word_1_165' title='bbox 535 2348 820 2400; x_wconf 78' lang='lat' dir='ltr'>redintegrata</span> <span class='ocrx_word' id='word_1_166' title='bbox 856 2348 901 2386; x_wconf 89' lang='lat' dir='ltr'>in</span> <span class='ocrx_word' id='word_1_167' title='bbox 938 2346 982 2387; x_wconf 88' lang='lat' dir='ltr'>C.</span> <span class='ocrx_word' id='word_1_168' title='bbox 1010 2346 1271 2386; x_wconf 89' lang='lat' dir='ltr'>Flaminium</span> <span class='ocrx_word' id='word_1_169' title='bbox 1303 2347 1470 2386; x_wconf 77' lang='lat' dir='ltr'>invidia</span> 
     </span>
     <span class='ocr_line' id='line_1_27' title="bbox 154 2403 1468 2453; baseline -0.002 -8"><span class='ocrx_word' id='word_1_170' title='bbox 154 2409 243 2445; x_wconf 74' lang='lat' dir='ltr'>est:</span> <span class='ocrx_word' id='word_1_171' title='bbox 275 2405 380 2445; x_wconf 90' lang='lat' dir='ltr'>duos</span> <span class='ocrx_word' id='word_1_172' title='bbox 401 2419 444 2445; x_wconf 86' lang='lat' dir='ltr'>se</span> <span class='ocrx_word' id='word_1_173' title='bbox 466 2405 655 2445; x_wconf 80' lang='lat' dir='ltr'>consules</span> <span class='ocrx_word' id='word_1_174' title='bbox 669 2404 841 2453; x_wconf 68' lang='lat' dir='ltr'>creasse,</span> <span class='ocrx_word' id='word_1_175' title='bbox 858 2417 991 2443; x_wconf 92' lang='lat' dir='ltr'>unum</span> <span class='ocrx_word' id='word_1_176' title='bbox 1005 2404 1172 2444; x_wconf 85' lang='lat' dir='ltr'>habere.</span> <span class='ocrx_word' id='word_1_177' title='bbox 1215 2403 1336 2452; x_wconf 85' lang='lat' dir='ltr'>Quod</span> <span class='ocrx_word' id='word_1_178' title='bbox 1352 2405 1468 2443; x_wconf 87' lang='lat' dir='ltr'>enim</span> 
     </span>
     <span class='ocr_line' id='line_1_28' title="bbox 155 2461 1468 2516; baseline -0.002 -14"><span class='ocrx_word' id='word_1_179' title='bbox 155 2462 221 2502; x_wconf 87' lang='lat' dir='ltr'>illi</span> <span class='ocrx_word' id='word_1_180' title='bbox 237 2463 404 2516; x_wconf 79' lang='lat' dir='ltr'>justum</span> <span class='ocrx_word' id='word_1_181' title='bbox 425 2463 668 2515; x_wconf 86' lang='lat' dir='ltr'>imperium,</span> <span class='ocrx_word' id='word_1_182' title='bbox 689 2463 802 2514; x_wconf 89' lang='lat' dir='ltr'>quod</span> <span class='ocrx_word' id='word_1_183' title='bbox 816 2462 1054 2515; x_wconf 86' lang='lat' dir='ltr'>auspicium</span> <span class='ocrx_word' id='word_1_184' title='bbox 1070 2462 1191 2502; x_wconf 83' lang='lat' dir='ltr'>esse?</span> <span class='ocrx_word' id='word_1_185' title='bbox 1245 2462 1282 2501; x_wconf 92' lang='lat'>6.</span> <span class='ocrx_word' id='word_1_186' title='bbox 1306 2461 1468 2513; x_wconf 81' lang='lat' dir='ltr'>Magis-</span> 
     </span>
     <span class='ocr_line' id='line_1_29' title="bbox 155 2518 1468 2572; baseline -0.002 -12"><span class='ocrx_word' id='word_1_187' title='bbox 155 2523 292 2560; x_wconf 72' lang='lat' dir='ltr'>tratus</span> <span class='ocrx_word' id='word_1_188' title='bbox 306 2521 349 2559; x_wconf 88' lang='lat' dir='ltr'>id</span> <span class='ocrx_word' id='word_1_189' title='bbox 371 2534 396 2560; x_wconf 84' lang='lat' dir='ltr'>a</span> <span class='ocrx_word' id='word_1_190' title='bbox 411 2520 549 2568; x_wconf 83' lang='lat' dir='ltr'>domo,</span> <span class='ocrx_word' id='word_1_191' title='bbox 568 2519 748 2572; x_wconf 77' lang='lat' dir='ltr'>publicis</span> <span class='ocrx_word' id='word_1_192' title='bbox 765 2520 1026 2572; x_wconf 86' lang='lat' dir='ltr'>privatisque</span> <span class='ocrx_word' id='word_1_193' title='bbox 1043 2518 1283 2572; x_wconf 81' lang='lat' dir='ltr'>penatibus,</span> <span class='ocrx_word' id='word_1_194' title='bbox 1301 2518 1468 2558; x_wconf 77' lang='lat' dir='ltr'>Latinis</span> 
     </span>
    </p>

    <p class='ocr_par' dir='ltr' id='par_1_10' title="bbox 791 2589 816 2617">
     <span class='ocr_line' id='line_1_30' title="bbox 791 2589 816 2617; baseline 0 0"><span class='ocrx_word' id='word_1_195' title='bbox 791 2589 816 2617; x_wconf 71' lang='grc' dir='ltr'><strong><em>Β</em></strong></span> 
     </span>
    </p>
   </div>
  </div>
 </body>
</html>
