1621 2718
160 211 206 248 12
446 211 559 248 ΤΙΤΙ
595 211 735 248 LIVII
772 212 835 248 HI
841 212 1165 250 STURIARUM.

622 378 888 418 CHAPTER
948 379 1001 418 X.

162 466 328 497 Hannibal
359 466 486 497 attacks
514 466 680 508 Spoletum
711 466 745 496 in
776 466 925 497 Umbria.
993 466 1028 497 Is
1065 466 1218 507 repulsed
1255 465 1338 497 with
1374 471 1470 507 great

202 509 380 550 slaughter.
425 509 583 540 Proceeds
599 510 668 540 into
684 509 847 540 Picenum.
893 509 1055 549 Encamps
1071 509 1136 540 and
1159 513 1243 540 rests
1270 509 1322 540 his
1347 513 1467 550 troops.

201 552 392 592 Advancing
407 552 556 583 onwards
573 552 644 591 lays
660 556 760 582 waste
776 551 831 582 the
847 551 1030 582 territories
1047 553 1083 582 of
1103 552 1159 582 the
1175 552 1323 582 Praetutii
1348 552 1412 582 and
1435 552 1472 583 of

202 595 258 625 the
274 595 340 635 city
356 596 393 625 of
414 594 541 625 Hadria
557 594 590 624 in
607 594 780 632 Pieenum;
804 595 840 624 of
860 594 914 624 the
930 595 1044 630 Marsi,
1062 595 1117 625 the
1137 594 1315 625 Marrucini
1332 594 1396 625 and
1412 595 1468 625 the

202 637 339 677 Peligni,
356 637 389 667 in
406 637 592 673 Samnium;
617 637 682 667 and
697 637 754 667 the
770 641 905 677 country
921 638 1045 668 around
1061 637 1116 668 the
1133 637 1225 668 cities
1241 637 1278 668 of
1297 637 1377 678 Arpi
1404 637 1468 668 and

201 679 336 711 Luceria
354 679 387 710 in
404 679 535 720 Apulia.
591 679 628 713 Q.
640 680 762 711 Fabius
772 680 938 710 Maximus
963 680 1137 721 appointed
1156 680 1302 711 Dictator
1317 690 1336 710 a
1352 680 1469 710 second

203 723 291 753 time.
319 722 504 754 Decemvirs
515 723 705 753 consultthe
718 723 996 764 SybillinebookS.
1024 723 1120 754 Their
1130 727 1266 764 reports.
1291 723 1337 754 M.
1349 723 1468 753 AEmil-

204 765 265 803 ins,
279 765 334 797 the
346 766 481 803 Praetor,
492 765 626 796 ordered
642 771 676 797 to
692 770 744 797 act
759 772 794 797 at
809 777 885 797 once
898 766 931 796 in
944 766 1135 797 accordance
1146 766 1225 797 with
1238 766 1380 798 it.—B.c.
1395 769 1468 800 217.

252 844 288 881 1.
322 842 545 881 HANNIBAL
575 845 689 881 recto
723 843 877 882 itinere
909 856 982 895 per
1004 843 1228 882 Umbriam
1256 856 1387 894 usque
1415 843 1469 882 ad

160 899 383 952 Spoletum
426 900 557 938 venit.
633 902 670 938 2.
713 900 818 939 Inde
859 913 990 952 quum
1039 900 1317 953 perpopulato
1368 913 1469 952 agro

162 957 309 996 urbem
323 970 566 1009 oppugnare
580 957 750 996 adortus
764 960 987 1006 esset,cum
1004 962 1159 1009 magna
1173 958 1283 996 caede
1299 971 1469 996 suorum

161 1014 366 1066 repulsus,
389 1014 628 1066 conjectans
659 1028 709 1052 ex
740 1016 865 1053 unius
893 1014 1067 1053 eoloniae
1089 1015 1205 1053 haud
1225 1015 1354 1053 nimis
1376 1029 1466 1066 pro-

161 1085 280 1123 spere
320 1074 497 1110 tentatae
539 1071 712 1119 viribus,
746 1075 905 1123 quanta
940 1071 1071 1110 moles
1119 1072 1319 1111 Romanae
1354 1073 1470 1111 urbis

161 1133 283 1177 esset,
341 1131 379 1168 3.
411 1129 457 1167 in
492 1142 642 1181 agrum
673 1128 879 1167 Picenum
910 1130 1066 1168 avertit
1096 1129 1192 1177 iter,
1228 1142 1313 1168 non
1349 1130 1470 1181 copi-5,

161 1186 297 1225 solum
316 1187 452 1225 omnis
473 1186 638 1238 generis
660 1186 830 1238 frugum
852 1186 1153 1234 abundantem,
1176 1186 1246 1226 sed
1267 1186 1470 1225 refertum

162 1244 317 1295 praeda,
361 1257 488 1296 quam
531 1243 658 1282 effuse
699 1244 813 1283 avidi
854 1248 982 1296 atque
1023 1246 1194 1296 egentes
1234 1243 1468 1296 rapiebant.

162 1304 202 1339 4.
237 1301 302 1340 Ibi
326 1314 400 1353 per
414 1301 501 1340 dies
523 1300 685 1352 aliquot
707 1301 861 1340 stativa
877 1301 1037 1349 habita,
1055 1301 1318 1353 refectusque
1334 1301 1469 1349 miles,

162 1359 351 1398 hibernis
382 1358 607 1398 itineribus
628 1372 674 1396 ac
697 1358 875 1410 palustri
898 1359 967 1398 via
998 1358 1231 1410 proelioque
1261 1359 1395 1410 magis
1417 1359 1470 1397 ad

162 1419 364 1455 eventum
381 1416 577 1464 secundo,
592 1418 720 1467 quam
742 1415 826 1454 levi
849 1419 923 1455 aut
944 1416 1074 1463 facili,
1092 1415 1278 1455 affectus.
1322 1418 1360 1455 5.
1387 1416 1469 1456 Ubi

163 1475 265 1512 satis
306 1474 461 1526 quietis
498 1473 646 1512 datum
682 1473 821 1525 praedii
857 1487 904 1513 ac
939 1473 1285 1526 populationibus
1321 1475 1471 1525 magis,

162 1533 291 1583 quam
323 1532 410 1570 otio
445 1534 519 1570 aut
549 1529 707 1583 requie,
739 1531 1037 1583 gaudentibus,
1069 1531 1280 1583 profectus
1308 1531 1468 1570 Praetu-

163 1590 329 1628 tianum
361 1588 713 1640 Hadrianumque
747 1601 895 1640 agrum
928 1588 1087 1627 Marsos
1132 1588 1231 1627 inde
1265 1588 1472 1627 Marruci-

163 1660 320 1698 nosque
342 1649 386 1685 et
398 1646 597 1698 Pelignos
615 1645 818 1694 devastat,
836 1647 1028 1698 circaque
1046 1646 1177 1698 Arpos
1190 1649 1233 1685 et
1249 1645 1472 1685 Luceriam

165 1705 400 1755 proximam
431 1703 596 1756 Apuliae
627 1704 857 1755 regionem.
922 1703 959 1743 6.
994 1703 1067 1743 Cn.
1091 1703 1295 1743 Servilius
1327 1703 1473 1742 consul

166 1762 328 1801 levibus
351 1761 511 1814 proeliis
534 1774 630 1800 cum
653 1760 790 1800 Gallis
812 1761 934 1799 factis
956 1765 999 1799 et
1022 1774 1104 1800 uno
1119 1761 1273 1813 oppido
1290 1760 1473 1813 ignobili

164 1823 418 1871 expugnato,
459 1822 684 1871 postquam
727 1819 778 1858 de
819 1818 989 1870 collegae
1032 1819 1323 1870 exercitfisque
1363 1818 1475 1858 caede

164 1878 344 1925 audivit,
369 1876 459 1929 jam
491 1876 701 1915 moenibus
733 1877 882 1928 patriae
913 1879 1117 1923 metuens,
1146 1888 1200 1914 ne
1231 1876 1393 1915 abesset
1429 1876 1470 1914 in

165 1935 409 1973 discrimine
431 1937 632 1981 extremo,
655 1933 706 1972 ad
729 1934 875 1972 urbem
899 1934 979 1972 iter
999 1934 1200 1972 intendit.

254 1993 292 2032 7.
326 1991 372 2038 Q.
408 1991 565 2030 Fabius
606 1991 821 2029 Maximus
857 1991 1039 2029 dictator
1081 1991 1250 2039 iterum,
1285 2003 1367 2043 quo
1406 1991 1474 2030 die

167 2051 464 2102 magistrat-um
496 2049 612 2096 iniit,
634 2052 782 2087 vocato
810 2052 971 2095 senatu,
1003 2048 1055 2087 ab
1081 2048 1162 2087 diis
1191 2062 1318 2097 orsus,
1344 2062 1475 2101 quum

166 2108 401 2146 edocuisset
450 2110 605 2159 patres,
658 2105 752 2158 plus
813 2105 1078 2157 negligentia
1138 2106 1475 2145 caerimoniarum

165 2165 548 2218 auspiciorumque,
565 2165 693 2215 quam
715 2164 957 2202 temeritate
979 2168 1106 2215 atque
1128 2163 1314 2212 inscitia,
1330 2177 1477 2216 pecea—

166 2230 258 2261 tum
293 2236 317 2261 a
350 2221 393 2262 C.
418 2221 630 2260 Flaminio
663 2221 830 2260 consule
863 2235 962 2267 esse,
991 2234 1167 2273 qilzeque
1200 2221 1367 2273 piacula
1404 2222 1477 2262 irae

167 2280 294 2319 (lenm
317 2283 454 2319 essent
474 2280 585 2331 ipsos
603 2279 698 2317 deos
714 2278 988 2317 consulendos
1006 2292 1105 2327 csse,
1124 2280 1317 2331 pervicit,
1352 2279 1390 2319 8.
1414 2283 1477 2330 ut,

166 2337 278 2389 quod
312 2350 393 2376 non
428 2338 559 2376 ferme
591 2337 847 2384 decernitur,
868 2337 950 2375 nisi
973 2350 1104 2388 quum
1141 2339 1265 2375 taetra
1285 2337 1477 2389 prodigia

169 2395 365 2434 nuntiata
398 2398 509 2443 sunt,
532 2394 757 2433 decemviri
786 2393 915 2432 libros
944 2393 1174 2446 Sibyllinos
1205 2394 1321 2434 adire
1351 2394 1476 2447 jube-

168 2457 328 2492 rentur.
391 2452 486 2500 Qui,
504 2452 704 2503 inspeetis
727 2451 927 2491 fatalibus
948 2451 1068 2490 libris
1088 2451 1327 2491 retulerunt
1347 2453 1479 2505 patri-

170 2512 256 2558 bus,
303 2512 340 2550 9.
364 2510 476 2561 quod
499 2509 589 2562 ejus
607 2508 707 2548 belli
731 2513 854 2548 causa-r
876 2514 1023 2548 votum
1046 2509 1175 2547 Marti
1195 2509 1317 2559 soret,
1333 2510 1376 2549 id
1393 2523 1478 2550 uon
