1621 2718
492 162 660 199 LIBER
695 161 832 198 XXII.
889 161 1005 199 GAP.
1035 161 1120 199 LX.
1416 164 1465 200 73

155 282 194 314 ot
212 276 348 314 morte
376 274 529 312 nostra
550 270 799 324 eripiamus
820 283 869 310 ex
889 268 1112 310 obsidione
1142 269 1460 310 circumventas

155 328 354 382 leyiones.
413 331 477 368 12.
510 329 556 368 Si
587 328 666 367 hoc
694 328 741 368 P.
765 328 1037 380 Sempronius
1058 328 1232 376 diceret,
1254 341 1330 367 nec
1352 329 1462 367 viros·

155 387 355 440 equidem
390 399 467 426 nec
502 386 712 425 Romanos
748 399 818 425 vos
853 385 1063 433 ducerem,
1100 385 1135 424 si
1172 398 1294 424 nemo
1331 390 1462 424 tantae

155 444 327 484 virtutis
354 444 586 483 exstitisset
616 456 766 482 comes.
833 443 896 482 13.
929 442 1052 481 Viam
1084 455 1168 481 non
1199 442 1252 481 ad
1281 442 1460 494 gloriam

156 502 305 554 magis,
337 502 466 553 quam
502 500 555 540 ad
590 500 782 549 salutem,
815 499 1023 539 ferentem
1064 499 1351 547 demonstrat3
1397 513 1459 538 re-

155 558 280 598 duces
300 559 345 598 in
374 558 569 610 patriam,
590 558 642 597 ad
673 560 881 609 parentes,
901 557 954 596 ad
987 557 1185 609 conjuges
1215 570 1263 596 ac
1293 556 1462 606 liberos,

156 615 273 655 facit.
341 618 402 654 14.
436 615 497 655 Ut
533 615 770 662 servemini,
807 614 926 653 deest
958 614 1075 653 vobis
1108 613 1308 653 animus?
1343 614 1461 666 quid,

156 673 191 711 si
212 672 477 711 moriendum
500 685 573 724 pro
596 672 734 723 patria
754 675 874 720 esset,
897 671 1121 710 faceretis?
1151 672 1462 723 quinquaginta

155 729 292 768 millia
327 729 485 768 civium
520 729 809 780 sociorumque
840 729 950 767 circa
981 741 1052 766 vos
1084 742 1132 767 eo
1154 728 1244 780 ipso
1267 729 1336 767 ‹lie
1358 742 1462 767 caesa

151 786 308 838 jacent.
369 785 415 826 Si
452 790 518 825 tot
557 785 750 838 exempla
791 786 964 824 virtutis
1005 798 1088 824 non
1129 789 1315 833 movent,
1352 785 1461 824 nihil

156 856 342 895 unquam
382 843 598 890 movebit3
647 844 681 881 si
718 847 838 882 tanta
871 842 1008 881 clades
1046 842 1174 882 vilem
1209 843 1342 882 vitam
1377 856 1461 882 non

155 900 271 948 fecit,
312 900 430 939 nulla
470 901 609 940 faciet.
690 902 754 939 15.
801 901 859 939 Et
899 899 1021 939 liberi
1060 904 1188 952 atque
1228 900 1464 940 incolumes

155 958 389 997 desiderate
421 958 617 1010 patriam,
652 958 784 997 immo
817 957 1064 1005 desiderate,
1094 958 1196 996 dum
1227 959 1364 1010 patria
1384 961 1463 1005 est,

156 1015 258 1054 dum
286 1016 398 1054 cives
427 1015 516 1067 ejus
538 1016 649 1054 estis.
711 1014 811 1055 Sero
833 1028 944 1054 nunc
966 1015 1227 1062 desideratis,
1249 1015 1461 1054 deminuti

155 1074 310 1125 capite,
330 1072 560 1112 abalienati
586 1072 683 1125 jure
715 1073 886 1119 civium,
915 1072 1024 1111 servi
1046 1070 1461 1124 Carthaginiensium

155 1130 272 1169 facti.
339 1130 402 1170 16.
435 1130 579 1169 Pretio
619 1130 798 1169 redituri
835 1130 935 1169 estis
968 1130 1030 1178 eo,
1064 1129 1175 1169 unde
1211 1130 1383 1181 ignavia
1414 1143 1461 1169 ac

155 1188 349 1239 nequitia
369 1187 515 1226 abistis
532 1187 550 1227 Ρ
601 1187 649 1226 Ρ.
672 1188 980 1239 Sempronium,
998 1187 1135 1225 civem
1156 1192 1356 1234 vestrum,
1377 1200 1461 1226 non

155 1245 332 1284 audistis
348 1257 464 1283 arma
477 1258 622 1296 capere
635 1258 683 1283 ac
699 1245 817 1296 sequi
832 1258 873 1283 se
890 1244 1141 1296 jubentem?
1173 1244 1461 1283 Hannibalem

154 1302 249 1354 post
269 1301 394 1354 paulo
415 1302 592 1341 audistis
606 1306 741 1341 castra
756 1302 891 1354 prodi,
909 1306 953 1341 et
967 1315 1082 1340 arma
1095 1301 1206 1341 tradi
1221 1301 1460 1353 jubentem.

159 1360 225 1399 17.
258 1359 393 1406 Quam
423 1373 500 1412 ego
532 1360 746 1412 ignaviam
778 1359 955 1398 istorum
987 1372 1148 1407 accuso,
1169 1372 1301 1411 quum
1329 1359 1462 1398 scelus

158 1417 309 1468 possim
343 1429 549 1456 accusare.
611 1417 706 1455 Non
742 1416 866 1456 modo
903 1417 1018 1455 enim
1058 1416 1176 1468 sequi
1217 1416 1462 1455 recusarunt

157 1473 260 1513 bene
290 1478 549 1522 monentem,
571 1474 642 1513 sed
673 1473 874 1513 obsistere
905 1487 953 1512 ac
982 1474 1163 1513 letinere
1185 1474 1327 1513 conati
1349 1482 1461 1521 stmt,

154 1531 198 1569 ni
230 1531 389 1570 strictis
419 1531 574 1584 gladiis
598 1532 677 1570 viri
709 1531 929 1570 fortissimi
960 1532 1118 1570 inertes
1140 1531 1460 1570 submovissent.

157 1590 222 1626 18.
255 1587 392 1636 Prius,
425 1589 612 1640 inquam,
648 1588 696 1627 P.
733 1588 979 1640 Sempronio
1011 1601 1085 1640 per
1115 1588 1274 1626 civium
1294 1602 1461 1641 agmen,

154 1647 280 1697 quam
302 1659 375 1697 per
395 1646 595 1692 hostium,
617 1646 700 1684 fuit
721 1645 1038 1697 erumpendum.
1081 1645 1170 1684 Hos
1191 1646 1302 1684 cives
1323 1646 1461 1698 patria

152 1702 394 1742 desideret?
446 1702 631 1750 Quorum
651 1703 686 1741 si
708 1703 837 1741 ceteri
859 1702 1017 1742 similes
1040 1703 1230 1750 fuissent,
1247 1703 1460 1742 neminem

154 1759 278 1798 hodie
300 1773 350 1798 ex
371 1760 437 1808 iis,
453 1761 527 1812 qui
543 1760 596 1799 ad
614 1760 774 1800 Cannas
796 1763 1105 1812 pugnaverunt,
1119 1760 1257 1799 civem
1272 1760 1459 1800 haberet.

157 1818 222 1855 19.
244 1816 309 1855 Ex
325 1817 516 1856 millibus
533 1822 695 1869 septem
715 1821 973 1856 armatorum
987 1817 1174 1856 sexcenti
1190 1818 1459 1865 exstiterunt,

151 1874 227 1926 qui
266 1887 482 1926 erumpere
517 1875 734 1922 auderent,
770 1875 844 1926 qui
880 1875 924 1913 in
961 1875 1144 1926 patriam
1178 1873 1302 1914 liberi
1332 1879 1460 1927 atque

150 1932 303 1970 armati
330 1932 532 1980 redirent,
564 1945 699 1984 neque
730 1933 782 1970 iis
813 1932 1094 1985 quadraginta
1114 1931 1252 1971 millia
1274 1932 1460 1971 hostium

151 1988 366 2028 obstitere.
405 1992 472 2029 20.
497 1988 632 2036 Quam
649 1994 792 2028 tutum
807 1990 890 2028 iter
904 1989 1081 2029 duarum
1096 2002 1227 2042 prope
1244 1989 1460 2042 legionum

151 2046 314 2098 agmini
334 2047 527 2086 futurum
543 2047 720 2086 censetis
734 2046 892 2086 fuisse?
924 2046 1138 2086 haberetis
1158 2047 1285 2086 hodie
1302 2047 1461 2099 viginti

151 2103 290 2142 millia
328 2107 587 2143 armatorum
619 2103 789 2144 Canusii
830 2105 970 2152 fortia,
1004 2103 1159 2151 fidelia,
1192 2108 1331 2156 patres
1363 2118 1442 2144 con

150 2161 311 2213 scripti.
357 2161 482 2200 Nunc
502 2166 646 2201 autem
659 2174 786 2214 quem
798 2162 850 2200 ad
866 2162 1039 2200 modum
1057 2162 1102 2200 hi
1118 2161 1220 2201 boni
1233 2161 1460 2214 fidelesque

150 2231 314 2257 —nam
354 2219 482 2258 fortes
522 2232 575 2258 ne
615 2220 698 2271 ipsi
738 2219 911 2271 quidem
959 2219 1333 2258 dixerint—cives
1373 2233 1460 2259 esse

150 2275 360 2328 possunt?
392 2278 461 2316 21.
493 2276 587 2315 Nisi
604 2277 699 2329 quis
715 2277 883 2316 credere
906 2280 1045 2329 potest
1060 2276 1204 2326 fuisse,
1225 2280 1276 2316 ut
1292 2290 1461 2329 erump-

150 2333 334 2382 entibus,
366 2335 471 2386 quin
503 2338 786 2386 erumperent,
808 2334 1009 2373 obsistere
1048 2334 1191 2373 eonati
1227 2339 1354 2382 sunt3
1385 2340 1461 2374 aut

149 2403 235 2430 non
256 2391 447 2431 invidere
469 2405 538 2431 eos
559 2405 691 2444 quum
711 2391 1000 2430 incolumitati
1021 2394 1115 2430 tum
1129 2391 1277 2445 gloriae
1290 2391 1460 2430 illorum

149 2460 225 2500 per
255 2449 459 2488 virtutem
489 2453 635 2502 partae,
655 2462 787 2501 quum
819 2449 901 2488 sibi
934 2455 1131 2488 timorem
1161 2449 1461 2501 ignaviamque

797 2519 822 2546 Ε
