1621 2718
227 148 277 186 70
526 145 640 182 TITI
676 146 818 182 LIVII
854 145 1252 184 HISTORIARUM

228 260 361 298 tatem
374 259 593 296 venerimt.
642 258 679 295 3.
712 255 807 294 Non
824 256 939 294 enim
956 257 1001 294 in
1018 257 1107 295 acie
1120 269 1194 308 per
1207 256 1405 296 timorem
1424 269 1539 297 arma

229 315 496 361 tradidimus,
532 313 618 361 sed,
644 326 776 364 quum
811 314 939 365 prope
979 313 1032 352 ad
1059 316 1227 352 noctem
1258 316 1540 366 superstantes

229 372 408 412 cumulis
432 383 631 410 caesorum
659 383 880 421 corporum
910 370 1108 421 proelium
1138 372 1472 419 extraximemus,
1494 371 1541 410 in

230 433 363 469 castra
384 429 618 480 recepimus
644 440 743 473 nos3
782 429 822 465 4.
856 427 940 466 diei
972 427 1186 478 reliquum
1206 441 1254 466 ac
1274 434 1445 467 noctem
1475 429 1543 466 in-

230 490 487 538 sequentem,
522 485 618 523 fessi
652 484 792 522 labore
829 497 876 522 ac
910 484 1168 533 vulneribus,
1202 485 1363 523 vallum
1400 498 1541 524 sumus

231 544 392 590 tutati3
436 544 474 581 5.
506 545 673 593 postero
710 542 793 589 die,
820 555 952 593 quum
984 543 1243 580 circumsessi
1274 542 1327 581 ab
1357 543 1544 581 exercitu

232 602 390 639 victore
430 604 539 651 aqua
578 612 825 646 arceremur,
861 612 939 637 nec
979 599 1067 638 ulla
1097 599 1189 651 jam
1222 613 1296 651 per
1332 599 1541 639 confertos

233 659 372 696 hostes
395 657 640 708 erumpendi
672 669 763 707 spes
794 660 914 702 esset,
936 670 1012 695 nec
1043 670 1130 696 esse
1160 657 1276 696 nefas
1299 657 1547 696 duceremus

232 715 545 767 quinquaginta
576 713 766 752 millibus
798 714 1018 752 hominum
1040 728 1089 752 ex
1110 715 1199 753 acie
1220 717 1363 753 nostra
1384 714 1545 753 trucid-

232 774 313 811 atis
358 772 545 824 aliquem
587 785 637 809 ex
669 770 874 810 Cannensi
910 776 1056 823 pugna
1088 772 1324 810 Romanum
1359 772 1545 810 militem

233 833 416 869 restare:
461 830 498 868 6.
533 832 627 867 tum
667 828 837 867 demum
879 830 992 881 pacti
1041 843 1181 867 sumus
1225 830 1424 881 pretium,
1461 842 1544 881 quo

233 887 445 939 redempti
487 887 827 931 dimitteremurg
873 900 1001 933 arma,
1038 887 1082 924 in
1118 886 1271 938 quibus
1308 887 1418 925 nihil
1453 886 1545 938 jam

233 945 383 984 auxilii
434 947 537 991 erat,
580 944 690 982 hosti
743 944 1008 982 tradidimus.
1084 943 1122 983 7.
1156 943 1339 996 Majores
1379 957 1547 996 quoque

233 1015 524 1054 acceperamus
567 1014 608 1039 se
648 1014 672 1039 a
714 1000 849 1039 Gallis
889 1014 989 1039 auro
1031 1001 1269 1048 redemisse,
1311 1004 1355 1040 et
1405 1004 1545 1053 patres

237 1063 406 1107 vestros,
430 1059 678 1110 asperrimos
714 1058 808 1096 illos
840 1058 893 1097 ad
927 1059 1191 1097 conditiones
1227 1059 1353 1110 pacis,
1384 1058 1549 1110 legatos

235 1119 377 1156 tamen
429 1116 694 1168 captivorum
745 1116 1086 1154 redimendorum
1126 1117 1265 1168 gratia
1315 1117 1548 1155 Tarentum

235 1175 408 1213 misisse.
473 1177 510 1212 8.
544 1174 675 1225 Atqui
716 1177 759 1212 et
799 1173 851 1212 ad
893 1173 1049 1214 Alliam
1090 1187 1187 1212 cum
1228 1173 1376 1221 Gallis,
1410 1177 1454 1212 et
1494 1173 1548 1212 ad

236 1231 485 1271 Heracleam
507 1244 603 1269 cum
625 1230 800 1282 Pyrrho,
815 1234 994 1283 utraque
1014 1244 1099 1269 non
1116 1236 1204 1270 tam
1225 1231 1341 1270 clade.
1362 1231 1548 1279 infamis,

235 1303 362 1342 quam
391 1302 542 1341 pavore
574 1291 617 1327 et
648 1288 762 1340 fuga,
785 1302 927 1341 pugna
956 1289 1052 1327 fuit.
1116 1288 1348 1329 Cannenses
1380 1301 1548 1340 campos

234 1348 372 1386 acervi
409 1347 693 1385 Romanoriun
726 1360 946 1398 corporim]
979 1349 1146 1398 tegunt,
1177 1360 1253 1385 nec
1281 1359 1549 1398 supersumus

235 1418 402 1457 pugnae,
432 1404 514 1442 nisi
548 1404 593 1442 in
626 1404 780 1455 quibus
809 1404 1070 1443 trucidandis
1102 1407 1146 1443 et
1173 1404 1332 1443 ferrum
1364 1407 1407 1443 et
1438 1404 1550 1442 vires

234 1462 401 1501 hostem
423 1461 679 1500 defecerunt.
748 1466 782 1500 Ψ.
816 1461 925 1500 Sunt
956 1462 1088 1500 etiam
1109 1462 1160 1501 de
1181 1462 1336 1501 nostris
1357 1461 1546 1513 quidam,

234 1521 309 1572 qui
326 1533 379 1558 ne
402 1520 446 1557 in
467 1520 556 1558 acie
572 1519 747 1570 quidem
769 1520 1040 1571 refugerunt3
1073 1520 1144 1558 sed
1175 1519 1369 1571 praesidio
1401 1519 1549 1557 castris

235 1577 388 1626 relicti,
411 1590 543 1628 quum
565 1579 698 1615 castra
719 1577 997 1625 traderentur,
1019 1578 1063 1615 in
1085 1580 1339 1629 potestatem
1359 1577 1547 1615 hostium

235 1638 454 1673 venerunt.
523 1637 585 1673 lO.
620 1634 746 1672 Haud
767 1635 965 1686 equidem
982 1635 1110 1673 ullius
1132 1635 1235 1674 civis
1250 1638 1292 1673 et
1315 1634 1544 1673 commilit-

236 1693 328 1731 onis
370 1692 551 1731 fortunae
591 1694 666 1730 aut
702 1692 939 1730 conditioni
975 1693 1158 1741 invideo,
1192 1706 1269 1731 nec
1318 1691 1549 1744 premendo

234 1749 368 1789 alium
403 1762 471 1788 me
505 1749 704 1788 extulisse
742 1749 896 1788 velim:
929 1763 982 1789 ne
1013 1750 1079 1788 illi
1110 1749 1426 1802 quidem—nisi
1454 1762 1549 1802 per-

234 1808 426 1846 nicitatis
447 1807 604 1859 pedum
636 1815 679 1845 et
710 1809 853 1846 curssis
885 1807 1058 1859 aliquod
1090 1808 1312 1860 praemium
1349 1807 1545 1859 est—qui

233 1865 426 1917 plerique
464 1866 643 1903 inermes
678 1879 728 1903 ex
761 1866 850 1903 acie
887 1865 1098 1917 fugientes
1132 1878 1216 1904 non
1253 1866 1383 1918 prius,
1418 1866 1548 1916 quam

233 1923 428 1961 Venusiae
449 1926 523 1961 aut
546 1921 730 1971 Canusii,
745 1923 1041 1971 constiterunt,
1057 1936 1098 1962 se
1116 1923 1236 1961 nobis
1267 1923 1420 1961 merito
1442 1935 1548 1974 prce-

233 1980 426 2028 tulerint,
448 1979 706 2032 gloriatique
728 1981 814 2018 sint
836 1980 879 2018 in
902 1994 943 2019 se
968 1980 1073 2032 plus,
1096 1982 1224 2032 quam
1247 1981 1289 2018 iu
1314 1980 1541 2028 nobismet,

232 2038 419 2090 praesidii
453 2038 513 2076 rei
549 2037 730 2089 publicae
763 2051 862 2076 esse.
931 2040 993 2077 11.
1027 2037 1109 2078 Sed
1143 2041 1186 2077 et
1222 2037 1308 2076 illis
1342 2037 1462 2077 bonis
1498 2050 1549 2076 ac

232 2095 412 2135 fortibus
434 2095 647 2134 militibus
669 2096 878 2143 utemini3
911 2100 954 2134 et
975 2096 1095 2135 nobis
1118 2096 1249 2135 etiam
1272 2095 1546 2148 promptiori-

231 2152 308 2193 bus
340 2167 414 2206 pro
446 2153 598 2206 patria,
620 2153 732 2206 quod
770 2153 971 2193 beneficio
1004 2156 1140 2192 vestro
1177 2153 1387 2206 redempti
1418 2156 1550 2205 atque>

230 2212 276 2250 in
297 2211 481 2263 patriam
503 2211 693 2250 restituti
725 2212 942 2250 fuerimus.
1011 2213 1073 2250 12.
1107 2210 1332 2250 Delectum
1353 2224 1403 2250 ex
1426 2210 1542 2249 omni

230 2272 356 2308 aetate
379 2274 423 2307 et
452 2269 624 2308 fortuna
655 2269 846 2316 habetis;
878 2272 972 2308 octo
1005 2269 1141 2308 millia
1173 2282 1388 2308 servorum
1417 2268 1545 2307 audio

230 2327 399 2366 armari.
462 2326 557 2365 Non
591 2327 730 2366 minor
766 2340 966 2366 numerus
999 2330 1139 2366 noster
1176 2330 1253 2375 est,
1277 2339 1354 2365 nec
1387 2325 1547 2378 majore

229 2385 366 2436 pretio
402 2384 555 2423 redimi
589 2398 822 2437 possumus,
856 2386 984 2437 quam
1022 2386 1053 2423 ii
1088 2388 1299 2424 emuntur.
1362 2383 1472 2422 Nam
1509 2383 1542 2421 si

230 2443 440 2481 conferam
482 2455 556 2481 uos
607 2456 703 2481 cum
755 2442 854 2491 illis,
897 2442 1098 2494 injuriam
1139 2442 1303 2481 nomini
1355 2441 1548 2480 Romano
