1621 2718
402 184 571 225 mmm
619 156 756 222 xxu.
813 183 931 223 GAP.
961 183 1118 223 XXIX
1366 190 1422 229 37

525 367 791 406 CHAPTER
834 366 1000 406 XXIX.

111 455 234 489 fabius
261 465 366 487 comes
387 460 422 486 to
447 455 500 486 the
527 465 636 486 rescue
663 455 699 486 of
727 454 892 485 Minucius
922 454 987 485 and
1016 454 1066 486 his
1092 455 1205 495 Army.
1253 455 1420 487 Hannibal

154 503 300 531 retreats.
347 498 467 540 Spcech
484 498 520 528 of
540 498 704 529 Minucius
721 502 753 529 to
769 497 820 528 his
837 497 1089 530 soldjers.—1³.c.
1106 499 1179 532 217.

203 578 239 616 1.
272 577 369 615 TUM
406 575 561 614 Fabius
592 575 728 627 primo
762 574 942 614 clamore
978 576 1225 627 paventium
1258 575 1420 624 audito,

111 633 212 673 dein
244 637 467 685 conspecta
491 631 637 684 procul
659 631 829 671 turbata
857 632 959 679 acie,
983 636 1008 654 ‘⁶
1026 632 1094 671 Ita
1119 631 1220 681 est,'’
1249 633 1419 685 inqujt3

111 695 140 714 ⁴⁶
154 703 238 729 non
261 689 437 729 celerius
461 702 589 741 quam
610 689 736 727 timui
759 688 984 740 deprendit
1004 689 1174 728 fortuna
1203 691 1421 729 temerita-

113 750 216 787 tem.
279 749 317 786 2.
352 747 506 785 Fabius
531 749 719 798 aequatus
746 746 925 797 imperio
956 745 1243 785 Hannibalem
1272 750 1316 786 et
1335 748 1421 787 vir-

117 808 208 844 tute
230 809 274 843 et
295 805 464 843 fortun-Et
492 804 748 855 superiorem
770 802 901 842 videt.
963 801 1046 842 Sed
1076 802 1195 843 aliud
1217 803 1421 856 jurgandi

111 862 467 913 succensendique
498 864 665 912 tempus
696 860 803 899 erit:
835 872 948 899 nunc
978 861 1098 912 signa
1123 863 1241 900 extro,
1261 861 1422 901 vallum

117 920 313 971 proferte.
376 919 608 957 Victoriam
630 917 741 956 hosti
762 921 1098 970 extorqueamus,
1120 919 1422 958 confessionem

117 977 268 1015 erroris
294 975 493 1014 civibus.''
556 977 594 1013 3.
626 974 724 1013 Jam
759 979 915 1027 magna
949 988 999 1014 ex
1026 978 1146 1027 parte
1174 977 1286 1015 caesis
1312 976 1421 1025 aliis,

114 1033 211 1072 aliis
244 1031 692 1084 circumspectantibus
712 1031 869 1084 fugam,
891 1032 1080 1071 Fabiana
1114 1046 1156 1072 se
1188 1034 1296 1072 acies
1330 1047 1423 1086 rep-

117 1092 229 1138 ente,
266 1089 381 1129 velut
417 1089 522 1128 coelo
563 1089 741 1128 demissa
777 1089 829 1127 ad
850 1089 1084 1138 auxilium,
1126 1091 1321 1130 ostendit.
1381 1093 1421 1130 4.

119 1147 284 1199 Itaque,
330 1153 574 1199 priusquam
630 1146 682 1185 ad
737 1146 973 1198 conjectum
1018 1147 1094 1186 teli
1139 1148 1302 1187 veniret
1348 1151 1420 1188 aut

118 1218 292 1243 manum
323 1207 570 1252 consereret,
598 1207 641 1242 et
672 1216 765 1242 suos
792 1217 816 1242 a
841 1204 941 1256 fuga
973 1204 1104 1244 effusa
1129 1208 1172 1243 et
1207 1205 1259 1244 ab
1294 1206 1423 1245 nimis

116 1262 245 1301 feroci
280 1266 420 1314 pugn-51
452 1262 590 1300 hostes
620 1261 845 1299 continuit.
908 1263 946 1300 5.
980 1260 1062 1308 Qui
1091 1261 1240 1301 solutis
1266 1263 1423 1302 ordini-

118 1318 196 1358 bus
217 1320 320 1371 vage
334 1319 526 1370 dissipati
548 1322 679 1365 erant,
701 1318 888 1370 undique
909 1319 1190 1370 confugerunt
1209 1319 1262 1359 ad
1282 1320 1422 1372 integ-

118 1389 207 1416 ram
230 1377 362 1415 aciem
382 1391 391 1423 3
423 1377 496 1428 qui
518 1375 657 1428 plures
688 1375 816 1415 simul
847 1378 966 1428 terga
995 1375 1212 1424 dederant,
1233 1379 1422 1417 conversi

118 1435 165 1472 in
206 1434 369 1472 hostem
406 1433 702 1484 volventesque
743 1433 885 1471 orbem
925 1446 1036 1472 nunc
1076 1435 1230 1473 sensim
1270 1435 1424 1474 referre

119 1491 284 1544 pedem,
320 1504 432 1529 nunc
464 1489 705 1542 conglobati
738 1494 904 1529 restare.
967 1491 1026 1529 Ac
1052 1490 1144 1543 jam
1177 1493 1305 1544 prope
1340 1505 1424 1532 una

117 1549 228 1588 acies
264 1549 375 1587 facta
408 1550 512 1596 erat,
538 1548 640 1586 victi
674 1550 801 1600 atque
834 1548 991 1600 integri
1025 1549 1244 1597 exercitfis,
1271 1550 1425 1589 infere-

120 1605 304 1658 bantque
344 1607 462 1657 signa.
502 1606 548 1643 in
584 1604 760 1652 hostem,
797 1605 834 1644 6.
866 1618 998 1656 quum
1039 1605 1194 1645 Poenus
1235 1607 1424 1659 receptui

118 1664 287 1711 cecinit,
310 1663 450 1715 palam
475 1662 633 1701 ferente
667 1661 922 1710 Hannibale,
943 1662 996 1701 ab
1029 1676 1071 1701 se
1104 1663 1360 1713 Minucium,
1382 1677 1424 1704 se

114 1720 173 1760 ab
195 1720 340 1769 Fabio,
363 1721 538 1758 victum.

209 1778 247 1817 7.
282 1777 348 1816 Ita
362 1790 433 1829 per
446 1778 604 1815 variam
626 1776 836 1815 fortunam
859 1777 944 1816 diei
958 1776 1115 1829 majore
1128 1781 1247 1830 parte
1263 1780 1424 1827 exacta,

115 1849 250 1888 »quum
288 1836 332 1873 in
366 1838 499 1873 castra
539 1833 724 1872 reditum
766 1838 887 1881 esset,
923 1833 1154 1883 Minucius,
1187 1837 1425 1875 convocatis

119 1892 342 1939 militibus,
362 1895 400 1931 8.
433 1895 459 1914 “
474 1891 590 1944 Saepe
611 1890 714 1955 ego,⁷
718 1890 890 1943 ’inquit
911 1895 937 1914 ‘⁴
953 1891 1111 1940 audivi,
1133 1892 1305 1941 milites,
1327 1906 1424 1933 eum

121 1951 307 2003 primum
330 1963 415 1989 esse
437 1949 588 1997 virum,
611 1948 683 2001 qui
709 1948 797 2001 ipse
819 1948 1009 1988 consulat
1036 1950 1139 2001 quid
1163 1950 1210 1989 in
1235 1964 1322 1989 rem
1348 1951 1423 1998 sit3

121 2007 349 2048 secundum
371 2020 481 2055 eum,
504 2007 577 2058 qui
598 2006 703 2045 bene
724 2007 914 2045 monenti
935 2006 1130 2052 obediat:
1153 2009 1225 2059 qui
1247 2021 1323 2047 nec
1337 2009 1425 2060 ipse

122 2064 337 2104 consulere
369 2077 445 2103 nec
472 2063 594 2102 alteri
626 2076 769 2115 parere
798 2064 917 2112 sciat,
938 2077 1034 2102 eum
1062 2066 1240 2103 extremi
1262 2066 1426 2117 ingenii

121 2135 221 2162 esse.
265 2123 303 2161 9.
327 2122 457 2160 Nobis
474 2121 672 2173 quoniam
694 2121 831 2172 prima
852 2121 986 2159 animi
1008 2121 1256 2173 ingeniique
1273 2126 1426 2175 negata

123 2192 208 2219 sors
229 2183 305 2227 est,
328 2178 550 2218 secundam
572 2191 620 2216 ac
641 2178 822 2216 mediam
844 2180 1060 2216 teneamus
1081 2182 1137 2225 et,
1159 2178 1262 2218 dum
1293 2180 1427 2232 impe-

123 2250 214 2276 rare
236 2237 450 2284 discimus,
472 2248 614 2288 parere
642 2235 839 2286 prudenti
869 2235 914 2273 in
945 2235 1134 2274 animum
1163 2236 1424 2276 inducamus.

130 2297 193 2333 10.
228 2294 370 2334 Castra
405 2306 501 2331 cum
536 2292 667 2331 Fabio
694 2292 950 2344 jungamus3
981 2292 1033 2331 ad
1062 2295 1306 2344 praetorium
1337 2294 1427 2346 ejus

125 2352 244 2404 signa
272 2365 401 2404 quum
434 2349 672 2398 tulerimus,
701 2349 775 2388 ubi
801 2361 880 2401 ego
904 2362 1002 2388 eum
1023 2354 1239 2402 parentem
1267 2351 1427 2404 appell-

123 2422 261 2455 avero,
285 2408 394 2461 quod
431 2407 633 2447 beneficio
665 2407 756 2459 ejus
787 2419 886 2459 erga
913 2419 988 2445 nos
1014 2420 1062 2446 ac
1087 2407 1307 2460 majestate
1338 2408 1427 2460 ejus

122 2466 302 2516 dignum
320 2469 409 2512 est3
462 2466 527 2504 11.
561 2476 643 2513 vos,
661 2464 834 2513 milites,
866 2477 947 2512 eos,
981 2477 1160 2517 quorum
1196 2478 1267 2505 vos
1303 2465 1426 2504 modo
