1621 2718
219 183 273 219 66
517 182 631 218 ΤΙΤΙ
668 181 810 219 LIVII
848 181 1243 220 HISTORIARUM.

225 291 442 344 —aliquos
482 291 670 344 profecto
704 305 753 330 ex
793 291 896 343 fuga
935 293 1090 344 passim
1126 293 1350 345 dissipatos
1383 294 1531 333 fore——

222 349 420 397 referant,
443 363 537 401 quae
564 349 734 387 fortuna
765 348 983 387 consulum
1013 353 1140 401 atque
1163 352 1424 390 exercituum
1447 353 1528 399 sit3

224 407 262 445 5.
285 410 341 454 et,
357 407 391 445 si
413 407 517 458 quid
538 406 600 445 dii
622 405 896 453 immortales,
914 406 1095 445 miseriti
1113 408 1298 459 imperii,
1315 408 1529 460 reliquum

221 463 400 502 Romani
437 463 620 502 nominis
656 463 848 511 fecerint,
884 463 959 502 ubi
991 477 1050 502 eae
1080 465 1210 516 copiae
1240 466 1351 513 sint3
1383 466 1465 518 quo
1488 480 1529 505 se

222 521 438 559 Hannibal
459 524 553 571 post
569 519 768 572 proelium
786 520 1028 567 contulerit,
1044 522 1148 573 quid
1163 525 1297 574 paret,
1314 523 1417 574 quid
1431 527 1530 575 agat

219 581 470 630 acturusque
503 579 570 616 sit.
635 578 672 616 6.
705 577 809 616 Haec
844 578 1097 630 exploranda
1132 580 1420 632 noscendaque
1455 594 1530 632 per

219 636 409 687 inpigros
433 635 613 687 juvenes
641 649 753 683 esse3
785 635 895 674 illud
916 649 990 687 per
1012 638 1151 687 patres
1172 637 1282 689 ipsos
1304 638 1528 689 agendum,

218 694 418 744 quoniam
444 694 728 744 magistruum
759 706 908 745 parum
939 694 1008 740 sit,
1037 697 1087 731 ut
1114 694 1350 733 tumultum
1371 709 1419 733 ac
1445 698 1528 734 tre-

219 750 483 802 pidationem
515 751 561 788 in
591 750 693 789 urbe
725 750 894 798 tollant,
916 754 1128 789 matronas
1150 751 1321 804 publico
1344 758 1527 802 arceant,

219 809 512 860 continerique
526 809 640 846 intra
654 821 775 847 suum
793 821 1004 860 quamque
1019 808 1149 847 limen
1165 813 1339 861 cogant3
1363 812 1400 849 7.
1417 824 1529 849 com-

218 865 406 916 ploratfis
448 865 706 904 familiarum
737 870 978 912 coerceant3
1017 866 1234 905 silentium
1270 880 1344 919 per
1380 867 1528 906 urbem

217 923 395 969 faciant3
418 924 590 961 nuntios
612 936 752 961 rerum
769 923 959 961 omnium
981 924 1033 961 ad
1050 927 1245 975 praetores
1262 925 1528 964 deducendos

217 983 385 1027 curent3
405 994 489 1019 suae
510 981 687 1032 quisque
702 981 883 1019 fortunae
900 981 1014 1018 domi
1033 984 1249 1019 auctorem
1268 987 1526 1034 exspectent,

218 1040 255 1075 8.
289 1038 563 1089 custodesque
599 1040 800 1089 praeterea
840 1038 892 1076 ad
928 1040 1069 1089 portas
1110 1041 1284 1090 ponant,
1318 1040 1391 1091 qui
1433 1053 1528 1092 pro-

216 1094 393 1133 hibeant
413 1108 670 1147 quemquam
702 1095 846 1146 egredi
878 1095 1040 1143 urbem,
1073 1099 1307 1148 cogantque
1336 1097 1527 1136 homines

215 1152 392 1200 nullam,
414 1153 496 1190 nisi
519 1152 621 1191 urbe
643 1166 691 1191 ac
722 1152 932 1191 moenibus
964 1152 1104 1201 salvis,
1137 1152 1317 1192 salutem
1348 1167 1525 1206 sperare.

216 1209 301 1248 Ubi
338 1210 593 1249 conticuerit
626 1209 849 1258 tumultus,
880 1211 992 1249 recte
1023 1214 1116 1249 tum
1138 1211 1182 1249 in
1205 1211 1366 1250 curiam
1387 1214 1526 1264 patres

212 1268 466 1306 revocandos
489 1267 874 1320 consulendumque
896 1268 948 1306 de
970 1267 1085 1307 urbis
1107 1268 1300 1308 custodia
1321 1283 1421 1308 esse.

661 1479 924 1519 CHAPTER
957 1479 1068 1518 LVI.

208 1570 332 1600 Advice
349 1570 384 1600 of
404 1570 442 1604 Q.
460 1569 578 1600 Fabius
593 1568 758 1599 Maximus
782 1567 941 1599 followed,
987 1568 1098 1599 Letter
1124 1569 1207 1599 from
1232 1569 1344 1600 Varro.
1393 1570 1523 1600 Annual

253 1614 332 1644 rites
349 1614 384 1643 of
399 1613 494 1643 Ceres
512 1617 567 1643 not
582 1611 773 1643 celebrated.
820 1612 947 1642 Hiero’s
963 1611 1119 1651 kingdom
1136 1611 1277 1651 ravaged
1296 1613 1338 1653 by
1364 1612 1420 1643 the
1446 1614 1523 1644 Car-

252 1656 449 1696 thaginians.
496 1656 530 1686 T.
552 1655 711 1686 Otacilius
728 1655 835 1686 writes
852 1654 937 1685 word
953 1655 1026 1685 that
1049 1655 1184 1686 another
1200 1655 1273 1685 fieet
1295 1655 1322 1685 is
1339 1655 1457 1686 needed
1474 1657 1524 1687 for

253 1700 469 1740 Sicily.—B.c.
495 1701 567 1730 216.

300 1780 335 1816 1.
369 1777 497 1824 QUUM
518 1778 564 1815 in
584 1777 692 1815 hanc
714 1776 968 1816 sententiam
996 1776 1172 1828 pedibus
1204 1790 1345 1816 omnes
1377 1777 1521 1825 issent,

206 1838 501 1887 summotaque
515 1835 603 1874 foro
620 1848 693 1886 per
708 1835 981 1887 magistratus
998 1834 1124 1873 turba
1139 1837 1276 1885 patres
1297 1835 1451 1874 diversi
1469 1836 1520 1875 ad

208 1893 410 1932 sedandos
441 1892 651 1931 tumultus
684 1892 981 1940 discessissent,
1003 1895 1095 1930 tum
1127 1892 1297 1930 demum
1330 1891 1464 1932 literae
1495 1906 1519 1932 a

209 1949 253 1989 C.
277 1951 474 1989 Terentio
497 1950 664 1989 consule
686 1950 838 1988 adlatae
870 1944 992 1988 sunt:
1029 1952 1067 1987 2.
1090 1949 1138 1987 L.
1162 1949 1390 1988 AEmilium
1422 1963 1520 1989 con-

207 2008 340 2047 sulem
361 2009 675 2059 exercitumque
698 2021 875 2054 caesum3
898 2020 982 2045 sese
1005 2006 1175 2046 Canusii
1197 2020 1297 2055 esse,
1319 2007 1518 2059 reliquias

206 2069 338 2105 tantae
358 2065 489 2104 cladis
509 2065 627 2104 velut
647 2079 697 2104 ex
718 2064 939 2116 naufragio
960 2064 1244 2116 colligentem.
1288 2064 1352 2103 Ad
1375 2065 1518 2105 decem

206 2123 345 2162 millia
375 2123 566 2162 militum
597 2123 726 2162 ferme
755 2136 843 2161 esse
876 2123 1236 2174 inconpositorum
1258 2122 1519 2162 inordinato-

206 2195 395 2233 rumque.
460 2184 498 2220 3.
533 2181 712 2219 Poenum
733 2180 874 2219 sedere
896 2180 948 2218 ad
971 2179 1147 2228 Cannas,
1170 2180 1215 2218 in
1252 2181 1517 2232 captivorum

205 2240 354 2291 pretiis
388 2239 610 2291 praedaque
644 2237 742 2286 alia,
768 2251 844 2277 nec
870 2238 1042 2276 victoris
1075 2238 1216 2276 animo
1252 2251 1329 2277 nec
1362 2251 1517 2291 magno

205 2297 323 2335 ducis
359 2310 487 2344 more,
518 2296 843 2335 nundinantem.
905 2299 945 2334 4.
993 2295 1103 2334 Tum
1144 2295 1320 2347 privatte
1351 2309 1516 2348 quoque

202 2367 276 2406 per
307 2354 450 2393 domos
479 2354 616 2393 clades
638 2353 822 2406 vulgatae
853 2357 964 2401 srmt,
986 2353 1170 2405 adeoque
1201 2356 1337 2392 totam
1368 2353 1515 2393 urbem

203 2412 390 2464 opplevit
413 2411 565 2460 luctus,
587 2414 637 2451 ut
657 2425 821 2451 sacrum
849 2411 1183 2450 anniversarium
1204 2409 1363 2451 Cereris
1385 2411 1516 2451 inter-

200 2471 376 2509 missum
399 2471 468 2517 sit,
490 2471 590 2521 quia
621 2483 698 2508 nec
729 2469 972 2521 lugentibus
1007 2468 1050 2507 id
1084 2468 1217 2507 facere
1248 2471 1311 2507 est
1342 2469 1417 2515 fas,
1438 2482 1516 2508 nec
