1621 2718
235 210 287 248 48
536 210 648 247 ΤΙΤΙ
683 210 823 247 LIVII
859 210 1251 250 HISTORIARUM

236 319 370 359 oratio
392 321 457 359 est
474 334 483 359 τ
525 333 652 372 quem
673 320 793 359 video
821 320 1078 372 nequiquam
1099 325 1142 361 et
1164 322 1302 362 virum
1323 323 1482 363 bonum
1502 328 1551 365 et

236 378 373 417 civem
394 377 495 416 fore.
548 377 592 416 Si
614 376 747 416 altera
768 380 886 428 parte
907 377 1116 417 claudicet
1136 392 1199 418 res
1222 380 1402 432 publica,
1423 382 1551 421 malis

236 434 422 473 consiliis
444 434 571 482 idem,
588 447 635 472 ac
648 433 782 481 bonis,
798 433 907 485 juris
920 437 962 472 et
975 436 1198 485 potestatis
1214 437 1308 476 erit.
1343 440 1383 476 4.
1419 438 1551 478 Erras

237 492 366 539 enim,
408 491 455 529 L.
498 490 642 538 Paule,
683 491 719 528 si
760 491 842 529 tibi
882 491 1022 530 minus
1070 494 1311 533 certaminis
1361 508 1458 534 cum
1499 495 1546 535 C.

236 548 448 596 Terentio,
465 549 593 599 quam
615 561 711 586 cum
733 547 971 586 Hannibale
993 548 1185 589 futurum
1207 564 1359 590 censes.
1392 552 1549 592 Nescio

236 618 289 643 an
311 605 504 643 infestior
534 604 604 643 1110
634 605 908 652 adversarius,
930 607 1057 657 quam
1088 606 1161 646 ille
1193 607 1338 656 hostis,
1361 612 1544 650 maneat.

237 663 275 700 5.
309 661 415 701 Cum
435 661 509 700 illo
530 662 575 699 in
597 663 686 701 acie
713 664 894 710 tantum,
918 676 1014 701 cum
1044 664 1122 702 1100
1147 665 1341 704 omnibus
1363 665 1466 705 locis
1495 679 1547 706 ac

234 719 495 770 temporibus
546 722 781 758 certaturus
822 734 891 767 es;
938 724 981 759 et
1021 721 1217 760 adversus
1258 722 1546 763 Hannibalem

234 775 506 828 legionesque
539 776 628 829 ejus
661 777 746 815 tuis
779 777 994 829 equitibus
1020 791 1066 816 ac
1100 779 1316 830 peditibus
1349 793 1545 832 pugnan-

234 833 336 872 dum
357 833 440 873 tibi
462 836 525 873 est
543 848 552 880 3
593 834 723 872 Varro
744 834 828 873 dux
848 835 933 873 tuis
955 835 1164 874 militibus
1194 838 1237 875 te
1269 839 1333 876 est
1353 850 1547 890 oppugn-

233 896 390 930 aturus.
455 891 492 930 6.
526 891 689 930 Ominis
720 892 849 930 etiam
880 891 962 930 tibi
994 897 1117 932 causa
1141 893 1251 932 absit
1274 894 1316 934 C.
1340 894 1544 934 Flaminii

233 949 448 987 memoria.
511 949 669 987 Tamen
701 948 774 987 ille
805 948 948 987 consul
978 949 1163 997 demum,
1186 954 1229 989 et
1251 951 1295 988 in
1325 952 1544 1002 provincia.

233 1010 276 1044 et
296 1006 349 1044 ad
370 1007 615 1053 exercitum,
637 1006 768 1057 coepit
797 1006 959 1053 furere3
992 1006 1074 1054 hic,
1096 1007 1343 1059 priusquam
1374 1012 1543 1060 peteret

233 1063 511 1111 consulatum,
533 1063 684 1102 deinde
706 1064 750 1101 in
772 1063 952 1115 petendo
981 1064 1211 1110 consulatu,
1234 1078 1347 1104 nunc
1375 1078 1546 1118 quoque

232 1120 388 1168 consul,
426 1121 670 1172 priusquam
706 1124 840 1158 castra
876 1120 1013 1158 videat
1047 1124 1122 1159 aut
1157 1121 1334 1170 hostem,
1367 1123 1542 1162 insanit.

232 1180 271 1217 7.
306 1178 362 1216 Et
383 1179 458 1230 qui
478 1181 618 1217 tantas
633 1178 724 1229 jam
745 1191 856 1216 nunc
877 1177 1090 1229 procellas,
1112 1179 1261 1230 proelia
1282 1182 1411 1231 atque
1432 1181 1544 1220 acies

225 1235 440 1288 jactando,
462 1237 574 1274 inter
595 1237 762 1287 togatos
784 1235 880 1283 ciet,
903 1235 1004 1287 quid
1025 1235 1136 1273 inter
1164 1241 1372 1275 armatam
1387 1236 1541 1289 juven-

232 1298 370 1331 tutem
411 1306 552 1332 censes
592 1292 818 1341 facturum,
860 1295 903 1331 et
944 1292 1017 1330 ubi
1059 1293 1269 1345 extemplo
1310 1307 1373 1332 res
1415 1295 1541 1334 verba

231 1350 452 1402 sequitur?
490 1353 528 1389 8.
560 1350 692 1402 Atqui
714 1350 747 1388 si
770 1350 853 1399 hic,
875 1350 986 1401 quod
1007 1349 1217 1388 facturum
1239 1364 1280 1389 se
1301 1350 1544 1401 denuntiat,

232 1408 442 1460 extemplo
465 1408 733 1460 pugnaverit,
754 1411 829 1445 aut
850 1420 926 1459 ego
948 1420 1038 1445 rem
1058 1407 1304 1456 militarem,
1326 1408 1428 1447 belli
1462 1409 1543 1448 hoo

231 1479 376 1518 genus,
412 1466 575 1505 hostem
605 1465 716 1503 hunc
756 1465 918 1516 ignoro,
948 1468 1022 1502 aut
1052 1464 1231 1503 nobilior
1261 1465 1370 1504 alius
1401 1466 1541 1505 Trasi—

231 1536 353 1562 meno
395 1523 509 1562 locus
549 1523 700 1561 nostris
740 1521 928 1560 cladibus
968 1522 1062 1560 erit.
1127 1523 1164 1560 9.
1196 1522 1286 1561 Nec
1328 1522 1539 1574 gloriandi

232 1584 401 1632 tempus
421 1581 616 1619 adversus
637 1592 770 1618 unum
784 1583 862 1626 est,
877 1583 919 1617 et
941 1592 1032 1630 ego,
1055 1579 1360 1619 contemnendo
1382 1581 1542 1632 potius,

229 1639 359 1690 quam
385 1637 635 1689 adpetendo,
657 1636 852 1688 gloriam,
874 1636 1047 1675 modum
1079 1637 1323 1675 excesserim
1343 1651 1353 1684 ;
1385 1638 1456 1675 sed
1477 1639 1538 1676 ita

230 1709 294 1734 res
335 1709 376 1734 se
417 1695 570 1734 habet:
619 1697 683 1733 10.
715 1707 799 1732 una
838 1694 945 1732 ratio
986 1693 1089 1732 belli
1129 1695 1301 1746 gerendi
1343 1695 1543 1735 adversus

229 1752 516 1792 Hannibalem
537 1757 612 1799 est,
635 1755 718 1803 qua
738 1764 815 1803 ego
835 1752 957 1803 gessi.
1001 1750 1090 1789 Nec
1112 1755 1283 1790 eventus
1314 1752 1437 1791 modo
1459 1752 1540 1792 1100

229 1809 640 1849 docet—stultorum
671 1810 750 1847 iste
782 1809 984 1860 magister
1011 1809 1205 1848 est—sed
1237 1809 1383 1848 eadem
1415 1810 1536 1859 ratio,

229 1882 322 1920 qnae
342 1868 426 1906 fuit
448 1868 686 1918 futuraque,
701 1866 830 1905 donec
844 1879 906 1905 res
920 1865 1077 1905 eaedem
1098 1866 1345 1914 manebunt,
1360 1867 1538 1906 immut-

227 1925 353 1965 abilis
383 1929 458 1964 est.
523 1926 588 1963 11.
621 1924 673 1963 In
704 1923 832 1962 Italia
863 1922 1022 1962 bellum
1053 1924 1251 1975 gerimm,
1283 1924 1327 1962 in
1363 1924 1458 1963 sede
1489 1937 1537 1963 ac

229 1983 314 2022 solo
347 1987 500 2021 nostro.
564 1981 716 2021 Omnia
751 1981 861 2019 circa
896 1980 1018 2032 plena
1055 1981 1212 2019 civium
1247 1994 1292 2019 ac
1331 1981 1537 2020 sociorum

228 2045 338 2080 sunt.
381 2041 533 2088 Armis,
548 2040 663 2087 viris,
682 2039 812 2090 equis,
828 2037 1131 2076 commeatibus
1142 2037 1295 2089 juvant
1303 2037 1539 2090 juvabunt-

228 2112 322 2151 que.
388 2100 453 2137 12.
486 2097 535 2136 Id
551 2096 643 2149 jam
665 2095 762 2134 fidei
791 2095 1093 2133 documentum
1124 2095 1168 2133 in
1199 2095 1382 2134 adversis
1414 2095 1536 2135 rebus

227 2157 378 2195 nostris
414 2155 633 2194 dederunt.
679 2153 888 2201 Meliores‚
906 2152 1210 2205 prudentiores,
1234 2154 1536 2193 constantiores

226 2227 300 2253 nos
350 2218 516 2265 tempus
557 2212 727 2264 diesque
768 2210 884 2249 facit.
951 2212 1014 2248 13.
1049 2209 1263 2249 Hannibal
1305 2212 1450 2249 contra
1489 2211 1534 2249 in

225 2271 377 2320 aliena,
399 2271 445 2310 in
466 2269 624 2317 hostili,
647 2272 711 2308 est
732 2271 854 2316 terra,
877 2269 987 2306 inter
1001 2268 1144 2306 omnia
1165 2268 1339 2306 inimica
1361 2267 1536 2307 infesta-

224 2343 318 2381 que,
341 2328 486 2381 procul
507 2328 559 2366 ab
580 2327 718 2375 domo,
741 2326 793 2365 ab
815 2325 966 2378 patria.
1014 2325 1159 2377 Neque
1181 2325 1258 2368 illi„
1268 2329 1381 2365 terra
1396 2338 1533 2377 neque

223 2387 330 2426 mari
353 2389 416 2425 est
432 2399 512 2438 pax
527 2399 537 2431 ;
568 2384 696 2423 nullae
717 2397 813 2422 eum
836 2383 958 2422 urbes
975 2383 1202 2435 accipiunt,
1218 2383 1335 2422 nulla
1351 2383 1508 2422 moenia
1522 2397 1541 2429 ;

221 2444 332 2483 nihil
347 2457 521 2495 usquam
536 2443 601 2481 sui
615 2442 755 2488 videt3
789 2441 831 2479 111
851 2441 965 2480 diem
987 2444 1106 2492 rapto
1128 2442 1246 2479 viv1t.
1316 2443 1378 2480 14.
1412 2440 1534 2479 Part-

219 2515 285 2541 em
317 2502 386 2541 vix
424 2501 597 2540 tertiam
643 2499 849 2538 exercitt-rs
891 2497 980 2550 ejus
1023 2497 1163 2547 habet,
1205 2511 1329 2550 quem
1362 2497 1537 2537 Iberum.
