1621 2718
379 185 548 223 nstin-R
583 186 719 223 XXII.
778 188 896 224 OAP.
927 189 1048 227 XIII.
1335 191 1381 230 17

502 385 769 427 CHAPTER
800 387 927 426 XIII.

67 473 237 507 Hannibal
262 473 410 514 entering
434 473 601 504 Samnium
627 473 698 514 lays
726 480 829 505 waste
846 474 901 505 the
923 474 1131 505 Reum-eman
1156 475 1292 512 district,
1316 476 1383 508 and

111 517 205 548 takes
220 516 358 548 Telesia.
405 516 615 548 Endeavours
632 521 665 548 to
682 517 770 548 draw
787 517 841 548 the
859 517 1008 548 Dictator
1021 517 1090 549 into
1106 528 1147 549 an
1160 524 1381 560 engagement.

111 559 216 602 Being
242 558 379 591 induced
404 559 448 600 by
470 559 592 591 certain
619 560 839 600 Campanians
864 565 898 591 to
925 565 978 601 try
1005 565 1038 592 to
1063 565 1115 601 get
1141 562 1322 602 possession
1347 563 1387 594 of

111 602 231 644 Capua,
255 602 366 634 orders
387 613 406 632 a
433 603 541 633 march
567 608 600 633 to
626 602 788 634 Casinum.
845 603 913 634 The
939 603 1036 644 guide
1062 604 1384 646 misunderstanding

112 645 190 683 him,
216 645 305 677 leads
321 645 388 675 him
405 650 438 676 to
463 645 653 676 Casilinum.
701 645 805 677 Guide
832 646 984 687 seourged
1010 646 1072 677 and
1097 647 1258 679 crucified.
1313 649 1382 680 The

111 692 250 729 country
265 689 408 719 between
425 688 597 719 Falernum
614 688 677 718 and
694 689 847 720 Sinuessa
862 689 1011 730 ravaged.
1057 690 1126 720 The
1147 690 1272 722 Roman
1289 691 1383 723 allies

113 731 237 763 remain
253 731 326 762 firm
343 731 375 762 in
392 730 479 762 their
494 731 738 772 fidelity.-B.c.
757 733 828 765 217.

161 811 198 848 1.
231 808 458 848 HANNIBAL
472 822 521 847 ex
540 808 736 860 Hirpinis
754 809 797 846 in
814 808 1035 848 Samnium
1049 810 1222 857 transit3
1246 809 1373 850 Bene-

71 870 303 906 ventanum
328 865 610 918 depopulatur
631 878 780 918 agrum
801 880 810 913 ;
847 866 1056 905 Telesiam
1078 867 1225 906 urbem
1239 868 1355 920 capit
1371 883 1382 917 ;

73 925 216 964 irritat
251 925 382 963 etiam
418 924 469 963 de
505 923 714 962 industria
751 923 916 972 ducem,
950 924 985 963 si
1021 923 1129 964 forte
1159 937 1379 964 accensum

54 985 141 1027 ‚tot
172 981 503 1034 indignitatibus
534 979 805 1032 cladibusque
836 982 1043 1020 sociorum
1076 981 1294 1022 detrahere
1326 983 1379 1022 ad

73 1052 242 1092 aequum
264 1041 474 1078 certamen
497 1039 641 1090 possit.
705 1040 743 1077 2.
776 1038 895 1077 Inter
908 1038 1232 1079 multitudinem
1249 1041 1383 1079 socio-

75 1110 169 1136 rum
192 1096 333 1135 Italici
356 1096 533 1148 generis,
555 1096 629 1148 qui
651 1095 703 1134 ad
725 1095 1017 1135 Trasimenum
1046 1098 1159 1149 capti
1191 1097 1244 1136 ab
1266 1097 1384 1136 Han-

75 1153 218 1193 nibale
240 1154 488 1205 dimissique
509 1153 689 1202 fuerant,
711 1156 796 1192 tres
819 1152 1021 1205 Campani
1054 1155 1217 1206 equites
1249 1158 1382 1203 erant,

74 1211 222 1251 multis
256 1211 347 1263 jam
384 1210 517 1250 illecti
553 1210 674 1249 donis
708 1211 1005 1263 promissisque
1042 1211 1296 1251 Hannibalis
1330 1213 1383 1251 ad

75 1268 361 1309 conciliandos
381 1267 651 1320 popularium
673 1268 848 1307 animos.
912 1270 950 1306 3.
983 1269 1043 1307 Hi
1065 1270 1324 1317 nuntiantes,
1347 1270 1383 1308 si

75 1327 120 1366 in
144 1325 419 1378 Campaniam
451 1326 682 1364 exercitum
705 1325 972 1373 admovisset,
995 1325 1148 1378 Capuae
1170 1327 1382 1378 potiendae

74 1384 240 1436 copiam
263 1383 363 1431 fore,
385 1396 514 1434 quum
537 1395 601 1422 res
622 1382 756 1434 major
770 1384 898 1434 quam
920 1385 1109 1422 auctores
1131 1387 1252 1431 esset,
1274 1383 1384 1423 dub-

75 1442 167 1481 ium
189 1440 488 1489 Hannibalem,
510 1439 767 1492 alternisque
789 1439 992 1479 fidentem
1023 1453 1071 1479 ac
1107 1440 1383 1490 diffidentem,

24 1538 28 1541 ,
74 1501 234 1547 tamen,
256 1501 306 1538 ut
328 1497 559 1551 Campanos
581 1510 631 1537 ex
653 1496 824 1537 Samnio
856 1500 1033 1550 peteret,
1056 1501 1280 1537 moverunt
1298 1512 1308 1545 3
1342 1501 1382 1538 4.

75 1557 273 1603 monitos,
295 1559 345 1595 ut
365 1556 497 1594 etiam
527 1558 655 1608 atque
676 1555 806 1594 etiam
828 1556 1029 1607 promissa
1059 1556 1181 1595 rebus
1203 1555 1385 1594 affirma-

75 1617 185 1661 rent,
209 1613 428 1666 jussosque
462 1626 557 1652 cum
593 1613 785 1665 pluribus
819 1616 863 1651 et
894 1612 1107 1664 aliquibus
1143 1614 1384 1666 principum

76 1671 212 1711 redire
233 1671 285 1710 ad
318 1683 373 1719 se,
396 1670 573 1710 dimisit.
637 1672 675 1710 5.
710 1670 804 1722 Ipse
835 1671 1017 1722 imperat
1049 1670 1162 1719 duci,
1183 1673 1234 1709 ut
1265 1684 1305 1709 se
1338 1672 1382 1709 in

74 1741 225 1781 agrum
247 1728 484 1768 Casinatem
506 1728 647 1776 ducat,
669 1727 839 1766 edoctus
872 1741 896 1766 a
926 1728 1073 1779 peritis
1094 1729 1327 1780 regionum,
1349 1729 1383 1766 si

73 1799 173 1826 eum
191 1785 345 1825 saltum
360 1784 615 1838 occupasset,
633 1786 797 1824 exitum
819 1784 1008 1824 Romano
1030 1784 1082 1823 ad
1105 1798 1224 1837 opem
1249 1786 1384 1824 feren-

73 1843 174 1883 dam
195 1843 318 1882 sociis
340 1843 682 1882 interclusurum.
747 1842 784 1881 6.
817 1841 900 1881 Sed
921 1842 1132 1881 Punicum
1155 1843 1380 1882 abhorrens

70 1901 128 1940 ab
150 1901 401 1940 Latinorum
422 1901 644 1939 nominum
666 1899 901 1952 prolatione
923 1912 967 1939 os
989 1913 1063 1952 pro
1086 1899 1237 1940 Casino
1270 1899 1384 1939 Casi-

74 1958 213 1998 linum
235 1958 319 1997 dux
340 1961 390 1997 ut
410 1958 619 2010 acciperet
640 1958 742 1996 fecit
759 1971 769 2004 3
792 1970 1040 2009 aversusque
1061 1957 1113 1996 ab
1135 1970 1207 1996 suo
1229 1958 1383 1996 itinere

74 2028 148 2068 per
184 2015 419 2055 Allifanum
466 2014 790 2066 Calatinumque
825 2018 869 2054 et
903 2013 1105 2054 Calenum
1146 2027 1295 2067 agrum
1338 2016 1383 2054 in

71 2086 272 2126 campum
295 2072 519 2113 Stellatem
535 2073 780 2119 descendit3
842 2072 881 2112 7.
914 2072 988 2111 ubi
1009 2085 1141 2124 quum
1163 2072 1382 2111 montibus

75 2129 405 2182 fluminibusque
426 2130 610 2170 clausam
632 2131 848 2182 regionem
863 2130 1243 2182 circumspexisset,
1263 2143 1383 2169 voca-

72 2191 164 2228 tum
189 2189 340 2228 ducem
353 2190 665 2241 percunctatur,
684 2187 756 2227 ubi
770 2191 975 2226 terrarum
990 2190 1108 2226 esset.
1171 2189 1209 2226 8.
1243 2186 1383 2234 Quum

73 2246 110 2286 is
132 2245 307 2286 Casilini
329 2259 378 2284 eo
400 2245 468 2285 die
490 2258 733 2284 mansurum
754 2258 851 2284 eum
873 2243 1060 2292 dixisset,
1082 2247 1177 2283 tum
1209 2244 1383 2284 demum

72 2304 270 2356 cognitus
291 2306 354 2342 est
375 2316 499 2352 error,
522 2306 565 2342 et
586 2301 786 2342 Casinum
808 2301 932 2354 longe
965 2302 1062 2341 inde
1093 2300 1180 2341 alia
1211 2303 1383 2355 regione

68 2373 160 2400 esse
178 2375 189 2409 ;
232 2363 269 2400 9.
302 2361 515 2413 virgisque
532 2372 634 2399 caeso
648 2359 753 2398 duce
770 2362 814 2399 et
826 2359 879 2399 ad
900 2358 1159 2411 reliquorum
1182 2362 1383 2400 terrorem

72 2417 119 2458 in
152 2430 318 2458 crucem
352 2417 531 2466 sublato,
572 2418 719 2456 castris
760 2417 1049 2464 communitis,
1090 2416 1383 2456 Maharbalem

67 2487 170 2516 cum
190 2475 406 2527 equitibus
438 2476 484 2514 in
517 2487 666 2525 agrum
697 2473 923 2514 Falernum
945 2474 1181 2521 praedatum
1202 2473 1382 2514 dimisit.
