1621 2718
201 192 251 228 30
490 190 603 226 ΤΙΤΙ
641 189 782 226 LIVII
819 188 1213 227 HISTORIARUM

619 429 886 470 CHAPTER
918 429 1089 469 XXIII.

197 519 267 552 'she
281 519 394 551 tactics
411 520 448 551 of
466 518 588 550 Fabius
610 517 727 549 looked
741 528 829 558 upon
844 517 924 548 with
940 517 1106 548 disfavour
1123 522 1158 548 at
1172 518 1284 550 Rome.
1330 519 1512 558 Hannibal,

241 562 322 594 with
337 573 356 593 a
371 563 452 593 view
467 562 503 593 of
522 561 704 601 increasing
719 560 775 591 the
797 561 921 591 ill-will
936 561 1068 601 against
1090 560 1222 598 Fabius,
1241 561 1351 592 orders
1366 562 1439 593 that
1461 562 1512 594 his

242 609 346 637 estate
361 606 401 636 be
416 609 475 636 not
489 603 640 645 pillaged.
685 604 808 644 Money
818 603 881 634 due
896 607 931 634 to
946 603 1116 634 Hannibal
1131 604 1182 635 for
1197 604 1253 635 the
1269 605 1463 636 restoration
1479 606 1516 637 of

242 647 364 680 certain
379 647 523 689 captives
550 652 609 678 not
624 646 723 687 being
737 646 864 687 readily
879 645 957 688 paid
972 647 1017 687 by
1026 647 1081 678 the
1094 647 1220 684 Senate,
1233 647 1355 678 Fabius
1369 648 1447 679 selle
1459 648 1512 679 his

242 696 344 722 estate
359 691 426 722 and
442 689 585 721 sustains
600 690 657 721 the
672 690 799 721 Roman
815 690 950 720 honour.
996 690 1165 721 Hannibal
1181 690 1215 721 in
1228 690 1410 732 stationary
1419 701 1512 732 camp

244 735 352 765 before
368 734 425 765 the
441 734 534 765 walls
549 734 586 764 of
604 732 897 764 Geronium.—13.c.
915 734 988 767 217.

291 813 328 848 1.
359 809 464 850 HAEc
484 811 529 849 in
552 809 762 862 Hispania
780 807 988 863 [quoque]
1003 809 1185 849 secunda
1197 813 1340 850 aestate
1357 810 1511 850 Punici

198 866 311 908 bella
336 871 468 920 gesta,
498 880 632 919 quum
664 867 708 905 in
737 866 868 906 Italia
892 866 1066 918 paulum
1086 867 1302 906 intervalli
1323 867 1511 907 cladibus

199 925 402 965 Romanis
439 925 581 964 sollers
617 924 832 963 cunctatio
873 923 998 962 Fabii
1029 924 1221 963 fecisset:
1268 927 1306 963 2.
1339 938 1432 977 quae
1463 930 1511 964 ut

200 981 487 1022 Hannibalem
525 994 610 1020 non
649 981 849 1020 mediocri
902 981 1134 1020 sollicitum
1174 986 1272 1021 cura
1312 982 1510 1032 habebat,

200 1040 373 1079 tandem
415 1052 512 1078 eum
551 1038 723 1078 militiae
766 1039 1019 1089 magistrum
1060 1038 1260 1090 delegisse
1301 1039 1510 1079 Romanos

199 1099 457 1145 cernentem,
490 1097 563 1149 qui
599 1095 760 1135 bellum
795 1096 972 1143 ratione,
1007 1108 1091 1134 non
1125 1095 1309 1145 fortuna,
1332 1102 1510 1149 gereret,

201 1156 240 1194 3.
273 1155 336 1194 ita
357 1156 600 1205 contempta
625 1156 716 1192 erat
740 1153 852 1192 inter
878 1154 988 1191 cives
1009 1155 1191 1192 armatos
1211 1154 1370 1205 pariter
1390 1159 1510 1206 toga-

198 1215 360 1264 tosque,
374 1212 524 1264 utique
537 1214 775 1264 postquam,
792 1210 962 1250 absente
984 1223 1046 1259 eo,
1059 1211 1299 1250 temeritate
1316 1212 1511 1264 magistri

199 1270 391 1322 equitum
431 1269 527 1308 laeto
559 1269 698 1307 verius
733 1268 928 1317 dixerim,
949 1269 1077 1320 quam
1113 1281 1323 1320 prospero,
1354 1272 1510 1308 eventu

198 1330 437 1379 pugnatum
450 1326 600 1365 fuerat.
648 1328 688 1364 4.
710 1326 978 1364 Accesserant
999 1325 1092 1364 duae
1113 1339 1177 1364 res
1198 1326 1251 1364 ad
1272 1326 1509 1378 augendam

197 1384 402 1423 invidiam
417 1383 655 1431 dictatoris3
677 1396 760 1421 una
773 1382 919 1422 fraude
935 1396 982 1421 ac
999 1382 1091 1421 dolo
1106 1382 1507 1436 Hannibalis,quod,

196 1454 329 1494 quum
359 1455 384 1480 a
418 1441 605 1494 perfugis
638 1441 678 1480 ei
707 1444 964 1479 monstratus
999 1452 1098 1492 ager
1133 1441 1351 1479 dictatoris
1386 1445 1508 1491 esset,

196 1499 393 1538 omnibus
414 1499 524 1537 circa
545 1497 632 1537 solo
654 1498 829 1550 aequatis
850 1497 903 1537 ab
924 1510 1007 1537 uno
1029 1511 1076 1537 eo
1099 1497 1259 1536 ferrum
1279 1498 1508 1551 ignemque

196 1562 240 1595 et
280 1557 367 1595 vim
404 1569 573 1595 omnem
612 1556 803 1594 hostium
842 1555 1045 1594 abstineri
1081 1554 1224 1607 jussit,
1265 1562 1313 1594 ut
1349 1555 1506 1595 occulti

195 1613 375 1666 alicujus
397 1614 512 1666 pacti
533 1626 582 1652 ea
602 1626 762 1652 merces
783 1613 918 1652 videri
938 1616 1102 1665 posset:
1148 1614 1186 1652 5.
1219 1612 1352 1651 altera
1373 1614 1507 1665 ipsius

196 1672 320 1719 facto,
344 1671 480 1723 primo
512 1671 688 1709 forsitan
712 1669 855 1717 dubio,
877 1671 977 1722 quia
1004 1683 1089 1709 non
1109 1673 1350 1722 exspectata
1379 1671 1426 1710 in
1457 1684 1506 1710 eo

195 1730 364 1767 senatfis
385 1729 614 1767 auctoritas
636 1730 724 1775 est3
756 1727 809 1766 ad
835 1731 1071 1766 extremum
1104 1727 1218 1766 haud
1239 1728 1438 1780 ambigue
1460 1729 1506 1767 in

194 1787 425 1825 maximam
456 1785 627 1824 laudem
647 1798 778 1824 verso.
842 1785 879 1824 6.
912 1785 965 1824 In
990 1785 1281 1837 permutandis
1312 1786 1505 1838 captivis,

194 1843 308 1896 quod
341 1844 401 1882 sic
434 1844 573 1895 primo
595 1842 757 1882 Punico
790 1842 899 1882 bello
932 1843 1093 1881 factum
1123 1847 1227 1892 erat,
1254 1847 1507 1882 convenerat

193 1902 307 1940 inter
338 1901 463 1940 duces
485 1900 723 1940 Romanum
746 1900 1024 1952 Poenumque,
1045 1903 1095 1939 ut
1116 1913 1210 1952 quae
1241 1914 1336 1953 pars
1366 1900 1505 1953 plures

193 1959 412 2011 reciperet,
430 1960 558 2011 quam
580 1958 713 2005 daret,
734 1958 901 2009 argenti
922 1957 1059 2010 pondo
1081 1957 1181 1996 bina
1201 1961 1244 1997 et
1265 1957 1439 1997 selibras
1459 1959 1504 1997 in

193 2016 377 2056 militem
408 2018 639 2068 praestaret.
702 2015 740 2055 7.
772 2014 985 2054 Ducentos
1021 2015 1303 2068 quadraginta
1342 2019 1504 2068 septem

191 2087 325 2126 quum
346 2073 487 2126 plures
509 2073 734 2120 Romanus,
751 2074 879 2124 quam
900 2072 1070 2121 Poenus,
1091 2074 1332 2125 recepisset,
1353 2086 1505 2126 argen-

192 2135 369 2184 tumque
403 2144 479 2184 pro
519 2131 579 2171 eis
599 2130 960 2183 debitum—saepe
985 2130 1151 2183 jactata
1186 2132 1231 2169 in
1262 2134 1410 2169 senatu
1445 2144 1505 2181 re,

191 2190 392 2241 quoniam
420 2202 505 2228 non
541 2187 820 2227 consuluisset
852 2188 1214 2240 patres—tardius
1245 2191 1503 2240 erogaretur,

192 2249 231 2286 8.
262 2246 516 2286 inviolatum
525 2246 705 2286 abhoste
717 2259 882 2299 agrum,
895 2247 1021 2285 misso
1035 2245 1214 2285 Romam
1230 2245 1387 2292 Quinto
1401 2246 1504 2295 filio,

192 2303 397 2353 vendidit,
414 2303 625 2356 fidemque
645 2303 861 2355 publicam
878 2303 1078 2356 inpendio
1101 2305 1266 2356 privato
1288 2303 1481 2343 exsolvit.

279 2363 318 2401 9.
349 2361 567 2402 Hannibal
580 2374 655 2414 pro
673 2360 849 2401 Geronii
862 2361 1084 2409 moenibus,
1101 2361 1167 2413 cuj
1175 2375 1222 2400 us
1238 2361 1354 2400 urbis
1370 2365 1504 2413 captae

188 2422 316 2471 atque
337 2419 518 2458 incensae
534 2419 587 2458 ab
609 2432 651 2458 se
667 2419 712 2457 in
728 2432 852 2458 usum
866 2419 1109 2458 horreorum
1126 2432 1259 2471 pauca
1275 2418 1505 2470 reliquerat

188 2479 316 2526 tecta,
358 2477 404 2515 in
435 2476 603 2516 stativis
639 2479 741 2515 erat.
808 2479 873 2516 10.
906 2476 1010 2515 Inde
1051 2476 1359 2516 frumentatum
1399 2476 1504 2516 duae
