1621 2718
173 180 228 216 62
470 179 583 216 TITI
621 181 762 218 LIVII
799 179 1197 217 HISTORIARUM

265 289 302 328 5.
335 288 508 328 Postero
526 289 610 338 die,
625 290 697 328 ubi
713 290 899 341 primum
915 289 1074 337 illuxit,
1087 289 1142 328 ad
1156 289 1288 341 spolia
1307 288 1484 340 legenda

175 346 414 398 foedamque
431 347 562 385 etiam
581 347 772 385 hostibus
786 347 1056 398 spectandam
1071 350 1254 400 stragem
1266 347 1484 385 insistunt.

178 404 217 442 6.
268 403 295 442 J
299 403 475 442 acebant
514 406 580 442 tot
619 403 902 442 Romanorum
941 403 1095 453 millia,
1129 403 1292 455 pedites
1331 404 1486 455 passim

173 461 434 512 equitesque,
456 464 504 499 ut
525 473 651 512 quem
673 462 824 512 cuique
840 461 921 499 fors
942 464 1018 499 aut
1037 473 1178 512 pugna
1193 460 1391 512 junxerat
1411 464 1486 499 aut

178 518 290 569 fuga.
325 518 607 569 Adsurgentes
628 517 802 569 quidam
816 531 866 556 ex
880 521 1018 570 strage
1034 518 1175 556 media
1190 518 1368 565 cruenti,
1383 530 1487 569 quos

175 576 324 615 stricta
353 575 564 613 matutino
595 575 752 626 frigore
774 575 1061 613 excitaverant
1091 574 1275 623 vulnera,
1296 574 1348 613 ab
1370 574 1488 613 hoste

177 632 363 684 oppressi
395 634 504 670 sunt.
568 634 606 671 7.
639 631 850 678 Quosdam
882 636 925 671 et
949 632 1140 684 jacentes
1161 633 1290 680 vivos,
1319 632 1488 670 succisis

176 689 406 728 feminibus
427 689 755 741 poplitibusque,
777 691 1044 738 invenerunt,
1060 689 1266 728 nudantes
1283 690 1488 728 cervicem

177 746 457 799 jugulumque
488 751 532 785 et
562 746 774 798 reliquum
802 747 1049 799 sanginnem
1076 746 1274 799 jubentes
1305 747 1486 785 haurire.

178 806 217 842 8.
241 804 412 842 Inventi
434 804 607 855 quidam
629 808 725 842 sunt
748 805 896 843 mersis
912 805 957 842 in
975 804 1165 843 effossam
1178 809 1334 843 terram
1355 804 1489 855 capit-

176 862 284 909 ibus,
318 874 420 913 quos
463 861 543 900 sibi
577 863 687 913 ipsos
725 861 869 900 fecisse
908 862 1045 900 foveas
1079 861 1384 913 obruentesque
1417 874 1489 899 ora

177 918 413 971 superjecta
472 919 601 957 humo
656 919 937 958 interclusisse
997 919 1194 971 spiritum
1245 918 1487 970 apparebat.

179 977 217 1014 9.
240 976 457 1027 Praecipue
479 976 688 1014 convertit
710 989 852 1014 omnes
875 976 1107 1015 substratus
1124 976 1311 1015 Numida
1323 980 1488 1014 mortuo

177 1033 525 1085 superincubanti
538 1033 727 1072 Romano
740 1034 875 1083 vivus,
891 1046 989 1072 naso
1003 1033 1256 1086 auribusque
1268 1033 1462 1072 laceratis
1477 1046 1488 1079 3

176 1104 322 1142 quum,
336 1090 530 1129 manibus
544 1091 597 1129 ad
610 1091 862 1142 capiendum
875 1090 1009 1129 telum
1022 1090 1260 1138 inutilibus,
1271 1091 1316 1129 in
1329 1090 1490 1129 rabiem

177 1149 241 1187 ira
262 1153 392 1196 versa,
414 1147 610 1187 laniando
632 1148 829 1187 dentibus
850 1148 1013 1187 hostem
1035 1147 1294 1200 exspirasset.

639 1358 904 1399 CHAPTER
936 1360 1030 1398 LII.

179 1449 344 1480 Hannibal
363 1449 492 1480 collects
515 1449 570 1479 the
595 1448 688 1489 spoil.
735 1448 913 1479 Surrender
937 1449 974 1479 of
993 1448 1047 1479 the
1073 1448 1203 1480 smaller
1231 1449 1357 1480 Roman
1385 1459 1488 1490 camp.

221 1493 307 1523 Four
322 1492 485 1523 thousand
502 1502 614 1532 escape
630 1492 712 1522 from
731 1496 784 1522 the
801 1492 907 1532 larger
923 1502 1014 1532 camp
1031 1497 1063 1522 to
1080 1492 1267 1523 Canusium.
1314 1492 1491 1523 Surrender

221 1536 257 1566 of
277 1536 332 1566 the
348 1536 455 1575 larger
481 1546 584 1576 camp.
631 1534 820 1566 Conditions
847 1536 884 1565 of
903 1535 1073 1565 surrender
1094 1535 1149 1566 the
1176 1546 1263 1566 same
1279 1535 1331 1567 for
1355 1535 1433 1567 each
1457 1536 1493 1566 of

221 1579 275 1610 the
288 1589 406 1620 camps.
452 1578 633 1618 Liberality
647 1578 683 1608 of
702 1578 789 1608 Busa
803 1583 836 1608 to
852 1578 906 1608 the
923 1578 1048 1608 Roman
1064 1578 1227 1617 fugitives.

270 1658 306 1695 1.
339 1655 504 1695 SPOLIIS
524 1655 577 1694 ad
598 1655 783 1694 multum
809 1655 893 1694 diei
916 1655 1049 1704 lectis,
1072 1656 1287 1695 Hannibal
1307 1656 1359 1696 ad
1380 1657 1491 1695 min-

179 1728 251 1753 ora
293 1714 412 1753 ducit
447 1718 581 1752 castra
628 1713 922 1765 oppugnanda,
974 1718 1017 1752 et
1058 1714 1248 1753 omnium
1290 1715 1490 1767 primum,

179 1772 350 1811 brachio
382 1771 560 1823 objecto,
587 1769 762 1809 flumine
794 1784 860 1809 eos
882 1770 1081 1810 excludit.
1146 1773 1184 1810 2.
1218 1770 1417 1811 Ceterum
1438 1772 1492 1811 ab

179 1829 389 1877 omnibus,
420 1829 575 1878 labore,
602 1828 778 1880 vigiliis,
800 1828 1046 1867 vulneribus
1076 1829 1207 1868 etiam
1239 1829 1370 1877 fessis,
1401 1842 1492 1868 ma-

179 1888 313 1925 turior
345 1887 477 1938 ipsius
510 1899 581 1937 spe
609 1886 770 1925 deditio
800 1889 863 1924 est
890 1885 1014 1925 facta.
1079 1889 1116 1925 3.
1148 1886 1286 1934 Pacti,
1307 1891 1356 1926 ut
1377 1900 1492 1926 arma

180 1948 306 1996 atque
321 1957 446 1995 equos
460 1943 690 1991 traderent,
705 1944 749 1981 in
765 1943 903 1996 capita
913 1943 1101 1982 Romana
1114 1945 1292 1983 trecenis
1306 1945 1492 1983 nummis

180 2001 458 2054 quadrigatis,
480 2002 525 2039 in
548 2002 678 2039 socios
699 2000 882 2048 ducenis,
900 2001 943 2039 in
976 2014 1112 2040 servos
1143 2002 1344 2051 centenis,
1365 2005 1407 2041 et
1428 2005 1492 2051 ut,

182 2073 230 2098 eo
262 2059 399 2111 pretio
432 2058 657 2110 persoluto,
680 2071 776 2097 cum
809 2058 987 2110 singulis
1015 2058 1183 2097 abirent
1213 2060 1492 2107 vestimentis,

182 2118 228 2155 in
264 2118 399 2155 castra
430 2116 570 2154 hostes
606 2120 872 2167 acceperunt,
913 2116 1146 2168 traditique
1181 2117 1226 2155 in
1260 2117 1493 2156 custodiam

182 2187 325 2212 omnes
346 2176 459 2221 sunt,
480 2186 664 2212 seorsum
686 2174 796 2212 cives
818 2174 1014 2225 sociique.
1056 2177 1096 2212 4.
1119 2174 1232 2213 Dum
1245 2174 1306 2213 ibi
1327 2178 1494 2227 tempus

183 2233 350 2280 teritur,
394 2232 557 2270 interea
596 2244 727 2284 quum
773 2245 822 2269 ex
869 2231 1098 2283 majoribus
1140 2233 1301 2280 castris,
1341 2232 1494 2285 quibus

184 2291 286 2328 satis
307 2289 463 2328 virium
495 2292 538 2328 et
568 2289 700 2327 animi
721 2289 819 2337 fuit,
841 2289 892 2328 ad
915 2293 1097 2341 quatuor
1117 2289 1253 2329 millia
1275 2291 1495 2329 hominum

185 2351 229 2385 et
250 2347 422 2385 ducenti
455 2347 632 2398 equites,
661 2346 736 2385 alii
769 2348 952 2398 agmine,
983 2347 1057 2386 alii
1090 2347 1221 2400 palati
1245 2348 1399 2400 passim
1421 2361 1496 2400 per

184 2418 318 2457 agros,
354 2404 464 2457 quod
497 2404 609 2443 haud
645 2405 783 2443 minus
817 2409 959 2443 tutum
995 2408 1098 2451 erat,
1136 2404 1362 2445 Canusium
1402 2419 1496 2458 per-

187 2463 407 2514 fugissent,
429 2466 563 2502 castra
595 2463 684 2514 ipsa
711 2462 764 2501 ab
785 2463 937 2502 sauciis
960 2462 1209 2515 timidisque
1231 2463 1376 2502 eadem
1399 2476 1496 2502 con-
