1621 2718
171 180 224 218 58
467 183 581 220 ΤΙΤῙ
618 184 760 221 LIVII
797 183 1195 222 HISTORIARUM

172 298 337 350 gladios
373 294 558 334 occultos
594 294 669 333 sub
700 294 842 333 loricis
874 295 1090 344 habentes,
1112 295 1249 347 specie
1270 294 1483 347 transfug-

174 368 293 394 arum
314 366 447 408 quum
477 353 530 391 ab
562 352 645 391 suis
675 365 840 403 parmas
871 354 967 404 post:
1006 355 1127 404 terga
1166 351 1369 391 habentes
1410 352 1481 391 ad-

171 412 448 465 equitassent,
492 412 529 448 3.
563 413 734 461 repente
767 422 817 447 ex
852 410 971 460 equis
1002 409 1219 457 desiliunt,
1241 410 1482 461 parmisque

172 474 218 509 eb
243 469 399 522 jaculis
434 470 533 506 ante
567 466 692 518 pedes
732 466 921 505 hostium
962 465 1176 518 projectis,
1209 467 1256 505 in
1296 467 1482 506 mediam

174 528 311 566 aciem
331 525 495 577 accepti
517 524 721 574 ductique
752 523 804 562 ad
834 523 1010 563 ultimos
1032 523 1247 563 considere
1278 524 1331 563 ab
1362 527 1482 576 tergo

168 583 387 636 jubentur.
449 582 509 620 Ac
532 581 633 619 dum
655 580 854 632 proelium
883 580 936 620 ab
957 582 1074 620 omni
1095 584 1214 633 parte
1235 582 1482 631 conseritur,

173 641 310 693 quieti
317 643 561 679 manserunt
571 652 580 685 3
598 642 637 676 4.
653 642 876 690 postquam
887 640 1078 677 omnium
1086 639 1248 678 animos
1259 638 1482 691 oculosque

172 701 451 750 occupaverat
472 700 697 743 certamen,
718 699 814 734 tum
833 697 1010 748 arreptis
1041 697 1185 746 scutis,
1207 710 1300 748 quae
1328 697 1482 749 passim

172 756 286 795 inter
307 767 474 794 acervos
497 767 697 793 caesorum
728 767 948 806 corporum
975 757 1108 793 strata
1135 757 1270 803 erant,
1292 768 1480 793 aversam

172 814 422 852 adoriuntur
473 812 707 850 Romanam
756 812 905 861 aciem,
940 814 1143 864 tergaque
1193 812 1393 851 ferientes
1434 825 1482 851 ac

172 870 354 923 poplites
385 869 591 909 caedentes
623 873 806 921 stragem
835 870 1068 921 ingentem,
1090 882 1138 908 ac
1168 869 1372 921 majorem
1403 869 1482 908 ali-

170 931 329 980 quanto
351 941 549 980 pavorem
570 940 618 965 ac
637 926 885 975 tumultum,
900 927 1102 965 fecerimt.
1147 928 1185 965 5.
1219 926 1358 973 Quum
1376 926 1482 965 alibi

171 989 305 1024 terror
325 999 373 1024 ac
394 985 507 1037 suga,
529 984 633 1023 alibi
655 985 851 1036 pertinax
872 985 917 1022 in
938 984 1051 1022 mala
1076 983 1170 1036 jam
1190 997 1261 1036 spe
1282 984 1483 1036 proelium

170 1045 292 1090 esseb,
324 1042 577 1090 Hasdrubal,
609 1043 684 1094 qui
721 1046 770 1080 ea
804 1045 923 1093 parte
959 1045 1151 1093 praeerat,
1173 1041 1401 1080 subductos
1433 1055 1483 1080 ex

171 1100 314 1140 media
333 1101 423 1139 acie
456 1099 677 1147 Numidas,
699 1099 799 1151 quia
830 1100 969 1151 segnis
999 1112 1144 1138 eorum
1172 1112 1269 1137 cum
1297 1098 1483 1138 adversis

171 1171 312 1210 pugna
343 1161 445 1206 erat,
467 1157 519 1196 ad
551 1157 854 1209 persequendos
881 1157 1037 1209 passim
1067 1156 1281 1208 fugientes
1314 1157 1482 1202 mittit3

172 1216 210 1254 6.
244 1215 455 1268 Hispanos
489 1218 533 1254 et,
567 1214 710 1253 Gallos
746 1215 908 1266 equites
944 1214 1056 1253 Afris
1083 1213 1176 1266 jam
1212 1227 1343 1266 prope
1364 1214 1483 1252 fessis

170 1273 280 1312 caede
302 1274 451 1326 magis,
474 1274 602 1325 quam
625 1276 780 1324 pugna,
803 1272 1012 1324 adjungit.

591 1469 856 1510 CHAPTER
898 1469 1058 1509 XLIX.

166 1560 234 1591 'The
251 1560 396 1591 Romans
416 1561 486 1591 fiee.
543 1560 599 1591 Cn.
626 1559 795 1596 Lentulus,
821 1569 841 1589 a
865 1559 1009 1599 military
1029 1559 1169 1596 tribune,
1185 1559 1304 1591 wishes
1331 1564 1366 1591 to
1390 1561 1480 1602 place

211 1603 267 1634 the
284 1603 415 1640 Consul,
432 1603 469 1634 L.
482 1603 639 1634 AEmilius
656 1602 789 1639 Paulus,
806 1602 879 1632 who
895 1602 960 1632 had
975 1603 1056 1633 been
1085 1602 1228 1643 severely
1254 1603 1420 1641 wounded,
1438 1602 1481 1636 on

209 1646 261 1677 his
277 1657 347 1677 own
361 1647 464 1678 horse.
511 1647 635 1677 Paulus
658 1645 799 1677 declines
823 1645 1008 1681 assistance,
1026 1646 1210 1686 preferring
1235 1650 1269 1677 to
1285 1646 1337 1677 die
1360 1657 1400 1678 on
1425 1648 1480 1679 the

207 1690 286 1720 field
301 1695 451 1730 amongst
468 1689 518 1720 his
536 1689 683 1720 soldiers.
738 1689 839 1720 Sends
855 1699 875 1719 a.
897 1698 1041 1729 message
1057 1694 1090 1719 to
1106 1689 1162 1720 the
1178 1689 1294 1720 Senate
1309 1690 1375 1721 and
1391 1696 1424 1722 to
1439 1691 1479 1726 Q.

207 1733 330 1764 Fabius
346 1734 522 1764 Maximus.
569 1732 684 1763 Killed
700 1733 743 1773 by
758 1733 814 1763 the
830 1742 953 1773 enemy.
1000 1732 1123 1773 Escape
1139 1733 1176 1763 of
1195 1732 1363 1764 Lentulus.
1412 1734 1481 1765 The

207 1776 300 1808 other
316 1777 447 1813 Consul,
464 1776 574 1812 Varro,
593 1776 673 1805 with
683 1786 702 1805 a
713 1775 799 1816 body
812 1776 848 1807 of
860 1776 933 1816 fifty
946 1775 1124 1812 horsemcn,
1139 1786 1268 1817 escapes
1284 1780 1318 1807 to
1326 1777 1478 1809 Venusia.

206 1820 332 1851 Roman
348 1820 567 1851 losses.—1³.c.
585 1821 658 1852 216.

255 1901 291 1938 1.
324 1898 465 1937 PARTE
498 1898 629 1937 altera
662 1910 813 1949 pugnae
843 1897 1016 1946 Paulus,
1050 1910 1307 1949 quamquam
1339 1899 1477 1950 primo

164 1957 312 1996 statim
344 1956 493 2008 proelio
516 1955 647 1994 funda
677 1956 862 2007 graviter
883 1955 993 1993 ictus
1014 1955 1165 2004 fuerat,
1190 1959 1228 1994 2.
1259 1958 1403 1994 tamen
1435 1959 1478 1995 et

163 2015 346 2054 occurrib
368 2026 474 2066 saepe
496 2026 591 2051 cum
614 2013 813 2051 confertis
835 2012 1084 2062 Hannibali,
1106 2016 1148 2052 et
1179 2012 1345 2065 aliquot
1375 2013 1478 2053 loeis

163 2072 363 2125 proelium
393 2071 596 2119 restituit,
621 2070 941 2122 protegentibus
973 2083 1069 2108 eum
1101 2070 1316 2122 equitibus
1348 2072 1478 2110 Rom-

163 2130 281 2176 anis3
329 2130 493 2168 omissis
530 2128 741 2180 postremo
774 2129 904 2180 equis,
937 2129 1037 2180 quia
1080 2128 1295 2167 consulem
1338 2132 1382 2167 et
1424 2129 1473 2169 ad

162 2187 397 2240 regendum
430 2200 586 2239 equum
619 2186 728 2225 vires
759 2186 1020 2225 deficiebant.
1086 2188 1123 2225 3.
1156 2186 1266 2225 Tum
1297 2186 1478 2226 denunt-

163 2246 271 2284 ianti
307 2245 476 2284 cuidam
507 2245 679 2296 jussisse
729 2243 943 2282 consulem
985 2244 1037 2283 ad
1069 2243 1195 2296 pedes
1227 2243 1476 2284 descendere

162 2304 341 2355 equites,
380 2303 532 2342 dixisse
566 2301 853 2340 Hannibalem
887 2301 1041 2349 ferunt,
1077 2301 1257 2348 “Quam
1291 2301 1476 2350 mallem,

162 2361 325 2402 vinctos
342 2361 449 2399 mihi
469 2358 714 2399 traderet.!”
761 2362 801 2398 4.
825 2359 1031 2411 Equitum
1062 2359 1254 2411 pedestre
1267 2359 1476 2411 proelium,

161 2419 286 2472 quale
317 2418 409 2471 jam
447 2417 558 2456 haud
600 2417 729 2456 dubia
771 2417 958 2456 hostium
995 2417 1187 2465 victoria,
1210 2417 1307 2465 fuit,
1343 2430 1476 2469 quum

163 2477 266 2517 victi
298 2476 402 2515 mori
439 2476 484 2514 in
520 2475 699 2527 vestigio
731 2474 908 2514 mallent
939 2476 1064 2527 qua-m
1096 2474 1268 2526 fugere3
1299 2475 1476 2514 victores
