<?xml version="1.0" encoding="UTF-8"?>
<!DOCTYPE html PUBLIC "-//W3C//DTD XHTML 1.0 Transitional//EN"
    "http://www.w3.org/TR/xhtml1/DTD/xhtml1-transitional.dtd">
<html xmlns="http://www.w3.org/1999/xhtml" xml:lang="en" lang="en">
 <head>
  <title>
</title>
<meta http-equiv="Content-Type" content="text/html;charset=utf-8" />
  <meta name='ocr-system' content='tesseract 3.04.00' />
  <meta name='ocr-capabilities' content='ocr_page ocr_carea ocr_par ocr_line ocrx_word'/>
</head>
<body>
  <div class='ocr_page' id='page_1' title='image "./twentysecondbook00livyuoft_0050.png"; bbox 0 0 1621 2718; ppageno 0'>
   <div class='ocr_carea' id='block_1_1' title="bbox 173 172 1193 242">
    <p class='ocr_par' dir='ltr' id='par_1_1' title="bbox 173 172 1193 242">
     <span class='ocr_line' id='line_1_1' title="bbox 173 172 1193 242; baseline -0.005 0"><span class='ocrx_word' id='word_1_1' title='bbox 173 205 225 242; x_wconf 67' lang='lat'>3&amp;</span> <span class='ocrx_word' id='word_1_2' title='bbox 470 203 582 238; x_wconf 70' lang='lat' dir='ltr'>&#39;riri</span> <span class='ocrx_word' id='word_1_3' title='bbox 618 201 760 238; x_wconf 74' lang='lat' dir='ltr'>mvn</span> <span class='ocrx_word' id='word_1_4' title='bbox 795 172 1193 238; x_wconf 56' lang='lat' dir='ltr'>HLSTORIARUM</span> 
     </span>
    </p>
   </div>
   <div class='ocr_carea' id='block_1_2' title="bbox 171 309 1482 363">
    <p class='ocr_par' dir='ltr' id='par_1_2' title="bbox 171 309 1482 363">
     <span class='ocr_line' id='line_1_2' title="bbox 171 309 1482 363; baseline -0.002 -12"><span class='ocrx_word' id='word_1_5' title='bbox 171 325 292 352; x_wconf 86' lang='lat' dir='ltr'>arma</span> <span class='ocrx_word' id='word_1_6' title='bbox 328 312 568 363; x_wconf 74' lang='lat' dir='ltr'>dextraeque</span> <span class='ocrx_word' id='word_1_7' title='bbox 604 313 813 357; x_wconf 83' lang='lat' dir='ltr'>texerunt,</span> <span class='ocrx_word' id='word_1_8' title='bbox 834 313 1030 362; x_wconf 85' lang='lat' dir='ltr'>patronos</span> <span class='ocrx_word' id='word_1_9' title='bbox 1060 310 1328 357; x_wconf 86' lang='lat' dir='ltr'>salutabitis3</span> <span class='ocrx_word' id='word_1_10' title='bbox 1360 312 1417 358; x_wconf 91' lang='lat' dir='ltr'>et,</span> <span class='ocrx_word' id='word_1_11' title='bbox 1449 309 1482 349; x_wconf 81' lang='lat' dir='ltr'>si</span> 
     </span>
    </p>
   </div>
   <div class='ocr_carea' id='block_1_3' title="bbox 172 367 1484 466">
    <p class='ocr_par' dir='ltr' id='par_1_3' title="bbox 172 367 1484 466">
     <span class='ocr_line' id='line_1_3' title="bbox 175 367 1484 420; baseline -0.002 -12"><span class='ocrx_word' id='word_1_12' title='bbox 175 368 288 408; x_wconf 90' lang='lat' dir='ltr'>nihil</span> <span class='ocrx_word' id='word_1_13' title='bbox 328 368 459 416; x_wconf 86' lang='lat' dir='ltr'>aliud,</span> <span class='ocrx_word' id='word_1_14' title='bbox 491 370 709 420; x_wconf 87' lang='lat' dir='ltr'>gratorum</span> <span class='ocrx_word' id='word_1_15' title='bbox 745 368 857 406; x_wconf 78' lang='lat' dir='ltr'>certe</span> <span class='ocrx_word' id='word_1_16' title='bbox 885 367 1006 406; x_wconf 87' lang='lat' dir='ltr'>nobis</span> <span class='ocrx_word' id='word_1_17' title='bbox 1035 368 1275 406; x_wconf 87' lang='lat' dir='ltr'>animorum</span> <span class='ocrx_word' id='word_1_18' title='bbox 1304 367 1484 419; x_wconf 84' lang='lat' dir='ltr'>gloriam</span> 
     </span>
     <span class='ocr_line' id='line_1_4' title="bbox 172 423 578 466; baseline -0.007 0"><span class='ocrx_word' id='word_1_19' title='bbox 172 427 264 466; x_wconf 86' lang='lat' dir='ltr'>dies</span> <span class='ocrx_word' id='word_1_20' title='bbox 284 426 355 464; x_wconf 90' lang='lat' dir='ltr'>hic</span> <span class='ocrx_word' id='word_1_21' title='bbox 378 423 578 465; x_wconf 87' lang='lat' dir='ltr'>dederit.&#39;’</span> 
     </span>
    </p>
   </div>
   <div class='ocr_carea' id='block_1_4' title="bbox 708 529 954 534">
    <p class='ocr_par' dir='ltr' id='par_1_4' title="bbox 708 529 954 534">
     <span class='ocr_line' id='line_1_5' title="bbox 708 529 954 534; baseline 0 0"><span class='ocrx_word' id='word_1_22' title='bbox 708 529 954 534; x_wconf 95' lang='lat' dir='ltr'> </span> 
     </span>
    </p>
   </div>
   <div class='ocr_carea' id='block_1_5' title="bbox 616 611 1054 652">
    <p class='ocr_par' dir='ltr' id='par_1_5' title="bbox 616 611 1054 652">
     <span class='ocr_line' id='line_1_6' title="bbox 616 611 1054 652; baseline -0.005 0"><span class='ocrx_word' id='word_1_23' title='bbox 616 611 882 652; x_wconf 88' lang='lat' dir='ltr'><strong>CHAPTER</strong></span> <span class='ocrx_word' id='word_1_24' title='bbox 912 611 1054 651; x_wconf 88' lang='lat' dir='ltr'>XXX.</span> 
     </span>
    </p>
   </div>
   <div class='ocr_carea' id='block_1_6' title="bbox 172 700 1496 913">
    <p class='ocr_par' dir='ltr' id='par_1_6' title="bbox 172 700 1496 913">
     <span class='ocr_line' id='line_1_7' title="bbox 172 700 1490 741; baseline 0 -9"><span class='ocrx_word' id='word_1_25' title='bbox 172 702 339 733; x_wconf 81' lang='lat' dir='ltr'>Minucius</span> <span class='ocrx_word' id='word_1_26' title='bbox 354 700 446 734; x_wconf 79' lang='lat' dir='ltr'>leads</span> <span class='ocrx_word' id='word_1_27' title='bbox 462 700 512 731; x_wconf 89' lang='lat' dir='ltr'>his</span> <span class='ocrx_word' id='word_1_28' title='bbox 527 701 630 741; x_wconf 88' lang='lat' dir='ltr'>Army</span> <span class='ocrx_word' id='word_1_29' title='bbox 646 700 727 731; x_wconf 86' lang='lat' dir='ltr'>back</span> <span class='ocrx_word' id='word_1_30' title='bbox 742 704 776 731; x_wconf 76' lang='lat' dir='ltr'>to</span> <span class='ocrx_word' id='word_1_31' title='bbox 792 700 847 731; x_wconf 85' lang='lat' dir='ltr'>the</span> <span class='ocrx_word' id='word_1_32' title='bbox 869 710 963 741; x_wconf 84' lang='lat' dir='ltr'>camp</span> <span class='ocrx_word' id='word_1_33' title='bbox 979 701 1015 731; x_wconf 83' lang='lat' dir='ltr'>of</span> <span class='ocrx_word' id='word_1_34' title='bbox 1033 700 1165 731; x_wconf 87' lang='lat' dir='ltr'>Fabius.</span> <span class='ocrx_word' id='word_1_35' title='bbox 1211 701 1339 732; x_wconf 78' lang='lat' dir='ltr'>Salutes</span> <span class='ocrx_word' id='word_1_36' title='bbox 1365 700 1490 732; x_wconf 80' lang='lat' dir='ltr'><strong>Fabius</strong></span> 
     </span>
     <span class='ocr_line' id='line_1_8' title="bbox 216 742 1491 784; baseline 0.001 -11"><span class='ocrx_word' id='word_1_37' title='bbox 216 753 252 773; x_wconf 81' lang='lat' dir='ltr'>as</span> <span class='ocrx_word' id='word_1_38' title='bbox 269 746 288 759; x_wconf 81' lang='lat'>‘¹</span> <span class='ocrx_word' id='word_1_39' title='bbox 303 742 452 780; x_wconf 82' lang='lat' dir='ltr'>Father,”</span> <span class='ocrx_word' id='word_1_40' title='bbox 469 743 536 774; x_wconf 85' lang='lat' dir='ltr'>and</span> <span class='ocrx_word' id='word_1_41' title='bbox 551 743 601 773; x_wconf 82' lang='lat' dir='ltr'>his</span> <span class='ocrx_word' id='word_1_42' title='bbox 618 747 726 784; x_wconf 82' lang='lat' dir='ltr'>troops</span> <span class='ocrx_word' id='word_1_43' title='bbox 742 754 778 774; x_wconf 85' lang='lat' dir='ltr'>as</span> <span class='ocrx_word' id='word_1_44' title='bbox 797 747 814 760; x_wconf 90' lang='lat'><strong>“</strong></span> <span class='ocrx_word' id='word_1_45' title='bbox 825 743 992 774; x_wconf 83' lang='lat' dir='ltr'>Patrons.”</span> <span class='ocrx_word' id='word_1_46' title='bbox 1038 743 1124 784; x_wconf 85' lang='lat' dir='ltr'>Lays</span> <span class='ocrx_word' id='word_1_47' title='bbox 1149 742 1241 774; x_wconf 85' lang='lat' dir='ltr'>down</span> <span class='ocrx_word' id='word_1_48' title='bbox 1267 743 1318 774; x_wconf 86' lang='lat' dir='ltr'>his</span> <span class='ocrx_word' id='word_1_49' title='bbox 1342 748 1491 784; x_wconf 84' lang='lat' dir='ltr'>separate</span> 
     </span>
     <span class='ocr_line' id='line_1_9' title="bbox 218 786 1496 826; baseline 0 -9"><span class='ocrx_word' id='word_1_50' title='bbox 218 787 396 824; x_wconf 81' lang='lat' dir='ltr'>command,</span> <span class='ocrx_word' id='word_1_51' title='bbox 414 786 479 817; x_wconf 86' lang='lat' dir='ltr'>and</span> <span class='ocrx_word' id='word_1_52' title='bbox 494 787 603 826; x_wconf 82' lang='lat' dir='ltr'>places</span> <span class='ocrx_word' id='word_1_53' title='bbox 620 786 756 817; x_wconf 85' lang='lat' dir='ltr'>himself</span> <span class='ocrx_word' id='word_1_54' title='bbox 774 786 839 817; x_wconf 83' lang='lat' dir='ltr'>and</span> <span class='ocrx_word' id='word_1_55' title='bbox 854 786 906 817; x_wconf 87' lang='lat' dir='ltr'>his</span> <span class='ocrx_word' id='word_1_56' title='bbox 922 786 1024 817; x_wconf 85' lang='lat' dir='ltr'>whole</span> <span class='ocrx_word' id='word_1_57' title='bbox 1039 786 1126 817; x_wconf 89' lang='lat' dir='ltr'>force</span> <span class='ocrx_word' id='word_1_58' title='bbox 1142 786 1244 817; x_wconf 88' lang='lat' dir='ltr'>under</span> <span class='ocrx_word' id='word_1_59' title='bbox 1259 786 1316 817; x_wconf 82' lang='lat' dir='ltr'>the</span> <span class='ocrx_word' id='word_1_60' title='bbox 1331 786 1441 817; x_wconf 80' lang='lat' dir='ltr'>orders</span> <span class='ocrx_word' id='word_1_61' title='bbox 1458 786 1496 817; x_wconf 90' lang='lat' dir='ltr'>of</span> 
     </span>
     <span class='ocr_line' id='line_1_10' title="bbox 219 828 1490 870; baseline -0.001 -10"><span class='ocrx_word' id='word_1_62' title='bbox 219 830 277 861; x_wconf 80' lang='lat' dir='ltr'>the</span> <span class='ocrx_word' id='word_1_63' title='bbox 300 830 457 860; x_wconf 79' lang='lat' dir='ltr'>Dictator.</span> <span class='ocrx_word' id='word_1_64' title='bbox 514 829 662 860; x_wconf 86' lang='lat' dir='ltr'>Conduct</span> <span class='ocrx_word' id='word_1_65' title='bbox 687 829 724 860; x_wconf 88' lang='lat' dir='ltr'>of</span> <span class='ocrx_word' id='word_1_66' title='bbox 742 829 865 860; x_wconf 82' lang='lat' dir='ltr'><strong>Fabius</strong></span> <span class='ocrx_word' id='word_1_67' title='bbox 892 828 1033 860; x_wconf 76' lang='lat' dir='ltr'>extolled</span> <span class='ocrx_word' id='word_1_68' title='bbox 1060 829 1140 860; x_wconf 86' lang='lat' dir='ltr'>both</span> <span class='ocrx_word' id='word_1_69' title='bbox 1167 834 1203 860; x_wconf 86' lang='lat' dir='ltr'>at</span> <span class='ocrx_word' id='word_1_70' title='bbox 1227 829 1329 860; x_wconf 70' lang='lat' dir='ltr'>Rome¹</span> <span class='ocrx_word' id='word_1_71' title='bbox 1355 829 1423 860; x_wconf 88' lang='lat' dir='ltr'>and</span> <span class='ocrx_word' id='word_1_72' title='bbox 1445 830 1490 870; x_wconf 81' lang='lat' dir='ltr'>by</span> 
     </span>
     <span class='ocr_line' id='line_1_11' title="bbox 219 871 1489 913; baseline 0.001 -9"><span class='ocrx_word' id='word_1_73' title='bbox 219 872 396 904; x_wconf 84' lang='lat' dir='ltr'>Hannibal.</span> <span class='ocrx_word' id='word_1_74' title='bbox 443 871 565 913; x_wconf 83' lang='lat' dir='ltr'>Saying</span> <span class='ocrx_word' id='word_1_75' title='bbox 580 872 616 903; x_wconf 89' lang='lat' dir='ltr'>of</span> <span class='ocrx_word' id='word_1_76' title='bbox 635 871 805 903; x_wconf 81' lang='lat' dir='ltr'>Hannibal</span> <span class='ocrx_word' id='word_1_77' title='bbox 827 882 864 902; x_wconf 80' lang='lat' dir='ltr'>as</span> <span class='ocrx_word' id='word_1_78' title='bbox 888 872 927 903; x_wconf 88' lang='lat' dir='ltr'>he</span> <span class='ocrx_word' id='word_1_79' title='bbox 943 872 1095 903; x_wconf 83' lang='lat' dir='ltr'>returned</span> <span class='ocrx_word' id='word_1_80' title='bbox 1118 873 1203 903; x_wconf 82' lang='lat' dir='ltr'>from</span> <span class='ocrx_word' id='word_1_81' title='bbox 1219 872 1274 903; x_wconf 86' lang='lat' dir='ltr'>the</span> <span class='ocrx_word' id='word_1_82' title='bbox 1289 872 1489 913; x_wconf 79' lang='lat' dir='ltr'>fight.—1³.c.</span> 
     </span>
    </p>
   </div>
   <div class='ocr_carea' id='block_1_7' title="bbox 176 991 1493 2541">
    <p class='ocr_par' dir='ltr' id='par_1_7' title="bbox 176 991 1493 2541">
     <span class='ocr_line' id='line_1_12' title="bbox 269 991 1487 1044; baseline 0.001 -14"><span class='ocrx_word' id='word_1_83' title='bbox 269 994 305 1030; x_wconf 91' lang='lat'>1.</span> <span class='ocrx_word' id='word_1_84' title='bbox 338 991 469 1031; x_wconf 71' lang='grc' dir='ltr'>816Νο</span> <span class='ocrx_word' id='word_1_85' title='bbox 489 992 603 1039; x_wconf 84' lang='lat' dir='ltr'>dato,</span> <span class='ocrx_word' id='word_1_86' title='bbox 626 992 911 1031; x_wconf 75' lang='lat' dir='ltr'>conclamatur</span> <span class='ocrx_word' id='word_1_87' title='bbox 926 992 1025 1031; x_wconf 89' lang='lat' dir='ltr'>inde</span> <span class='ocrx_word' id='word_1_88' title='bbox 1041 995 1090 1031; x_wconf 92' lang='lat' dir='ltr'>ut</span> <span class='ocrx_word' id='word_1_89' title='bbox 1106 992 1363 1044; x_wconf 85' lang='lat' dir='ltr'>colligantur</span> <span class='ocrx_word' id='word_1_90' title='bbox 1377 1005 1487 1031; x_wconf 70' lang='lat' dir='ltr'>vasa.</span> 
     </span>
     <span class='ocr_line' id='line_1_13' title="bbox 179 1049 1490 1101; baseline -0.001 -12"><span class='ocrx_word' id='word_1_91' title='bbox 179 1049 363 1090; x_wconf 75' lang='lat' dir='ltr'>Profecti</span> <span class='ocrx_word' id='word_1_92' title='bbox 384 1053 428 1089; x_wconf 82' lang='lat' dir='ltr'>et</span> <span class='ocrx_word' id='word_1_93' title='bbox 449 1051 619 1101; x_wconf 85' lang='lat' dir='ltr'>agmine</span> <span class='ocrx_word' id='word_1_94' title='bbox 659 1049 900 1088; x_wconf 79' lang='lat' dir='ltr'>incedentes</span> <span class='ocrx_word' id='word_1_95' title='bbox 935 1049 988 1088; x_wconf 89' lang='lat' dir='ltr'>ad</span> <span class='ocrx_word' id='word_1_96' title='bbox 1024 1050 1244 1088; x_wconf 77' lang='lat' dir='ltr'>dictatoris</span> <span class='ocrx_word' id='word_1_97' title='bbox 1280 1052 1414 1088; x_wconf 88' lang='lat' dir='ltr'>castra</span> <span class='ocrx_word' id='word_1_98' title='bbox 1443 1050 1490 1088; x_wconf 91' lang='lat' dir='ltr'>in</span> 
     </span>
     <span class='ocr_line' id='line_1_14' title="bbox 176 1108 1490 1160; baseline -0.002 -12"><span class='ocrx_word' id='word_1_99' title='bbox 176 1109 502 1148; x_wconf 70' lang='lat' dir='ltr'>admirationem</span> <span class='ocrx_word' id='word_1_100' title='bbox 533 1110 577 1146; x_wconf 90' lang='lat' dir='ltr'>et</span> <span class='ocrx_word' id='word_1_101' title='bbox 606 1108 759 1160; x_wconf 89' lang='lat' dir='ltr'>ipsum,</span> <span class='ocrx_word' id='word_1_102' title='bbox 782 1111 826 1146; x_wconf 91' lang='lat' dir='ltr'>et</span> <span class='ocrx_word' id='word_1_103' title='bbox 847 1120 988 1146; x_wconf 89' lang='lat' dir='ltr'>omnes</span> <span class='ocrx_word' id='word_1_104' title='bbox 1010 1108 1085 1159; x_wconf 94' lang='lat' dir='ltr'>qui</span> <span class='ocrx_word' id='word_1_105' title='bbox 1106 1108 1217 1145; x_wconf 86' lang='lat' dir='ltr'>circa</span> <span class='ocrx_word' id='word_1_106' title='bbox 1236 1110 1369 1155; x_wconf 86' lang='lat' dir='ltr'>erant,</span> <span class='ocrx_word' id='word_1_107' title='bbox 1392 1120 1490 1146; x_wconf 86' lang='lat' dir='ltr'>con-</span> 
     </span>
     <span class='ocr_line' id='line_1_15' title="bbox 178 1164 1489 1216; baseline -0.003 -10"><span class='ocrx_word' id='word_1_108' title='bbox 178 1169 408 1206; x_wconf 76' lang='lat' dir='ltr'>verterunt.</span> <span class='ocrx_word' id='word_1_109' title='bbox 473 1166 510 1202; x_wconf 87' lang='lat'>2.</span> <span class='ocrx_word' id='word_1_110' title='bbox 545 1165 606 1205; x_wconf 88' lang='lat' dir='ltr'>Ut</span> <span class='ocrx_word' id='word_1_111' title='bbox 634 1166 867 1204; x_wconf 83' lang='lat' dir='ltr'>constituta</span> <span class='ocrx_word' id='word_1_112' title='bbox 894 1168 992 1203; x_wconf 85' lang='lat' dir='ltr'>sunt</span> <span class='ocrx_word' id='word_1_113' title='bbox 1019 1167 1117 1204; x_wconf 87' lang='lat' dir='ltr'>ante</span> <span class='ocrx_word' id='word_1_114' title='bbox 1144 1164 1333 1204; x_wconf 86' lang='lat' dir='ltr'>tribunal</span> <span class='ocrx_word' id='word_1_115' title='bbox 1355 1165 1489 1216; x_wconf 84' lang='lat' dir='ltr'>signa,</span> 
     </span>
     <span class='ocr_line' id='line_1_16' title="bbox 179 1222 1489 1275; baseline -0.002 -13"><span class='ocrx_word' id='word_1_116' title='bbox 179 1236 416 1275; x_wconf 80' lang='lat' dir='ltr'>progressus</span> <span class='ocrx_word' id='word_1_117' title='bbox 449 1226 547 1262; x_wconf 85' lang='lat' dir='ltr'>ante</span> <span class='ocrx_word' id='word_1_118' title='bbox 575 1222 679 1262; x_wconf 87' lang='lat' dir='ltr'>alios</span> <span class='ocrx_word' id='word_1_119' title='bbox 707 1224 907 1275; x_wconf 83' lang='lat' dir='ltr'>magister</span> <span class='ocrx_word' id='word_1_120' title='bbox 933 1223 1140 1274; x_wconf 89' lang='lat' dir='ltr'>equitum,</span> <span class='ocrx_word' id='word_1_121' title='bbox 1162 1235 1293 1274; x_wconf 90' lang='lat' dir='ltr'>quum</span> <span class='ocrx_word' id='word_1_122' title='bbox 1324 1230 1489 1273; x_wconf 85' lang='lat' dir='ltr'>patrem</span> 
     </span>
     <span class='ocr_line' id='line_1_17' title="bbox 179 1278 1489 1333; baseline -0.002 -13"><span class='ocrx_word' id='word_1_123' title='bbox 179 1281 361 1321; x_wconf 89' lang='lat' dir='ltr'>Fabium</span> <span class='ocrx_word' id='word_1_124' title='bbox 382 1279 633 1333; x_wconf 72' lang='lat' dir='ltr'>appellasset</span> <span class='ocrx_word' id='word_1_125' title='bbox 652 1279 1005 1332; x_wconf 87' lang='lat' dir='ltr'>circumfusosque</span> <span class='ocrx_word' id='word_1_126' title='bbox 1024 1278 1217 1319; x_wconf 91' lang='lat' dir='ltr'>militum</span> <span class='ocrx_word' id='word_1_127' title='bbox 1238 1278 1329 1332; x_wconf 88' lang='lat' dir='ltr'>ejus</span> <span class='ocrx_word' id='word_1_128' title='bbox 1348 1282 1489 1318; x_wconf 90' lang='lat' dir='ltr'>totum</span> 
     </span>
     <span class='ocr_line' id='line_1_18' title="bbox 176 1336 1489 1393; baseline -0.002 -15"><span class='ocrx_word' id='word_1_129' title='bbox 176 1352 332 1393; x_wconf 79' lang='lat' dir='ltr'>agmen</span> <span class='ocrx_word' id='word_1_130' title='bbox 347 1342 544 1391; x_wconf 86' lang='lat' dir='ltr'>patronos</span> <span class='ocrx_word' id='word_1_131' title='bbox 561 1337 872 1384; x_wconf 71' lang='lat' dir='ltr'>consalutasset,</span> <span class='ocrx_word' id='word_1_132' title='bbox 910 1340 948 1376; x_wconf 89' lang='lat'>3.</span> <span class='ocrx_word' id='word_1_133' title='bbox 981 1341 1006 1361; x_wconf 75' lang='lat'>‘⁴</span> <span class='ocrx_word' id='word_1_134' title='bbox 1021 1336 1311 1385; x_wconf 85' lang='lat' dir='ltr'>Parentibus,”</span> <span class='ocrx_word' id='word_1_135' title='bbox 1332 1337 1489 1388; x_wconf 86' lang='lat' dir='ltr'>inquit,</span> 
     </span>
     <span class='ocr_line' id='line_1_19' title="bbox 181 1394 1488 1447; baseline -0.002 -12"><span class='ocrx_word' id='word_1_136' title='bbox 181 1401 207 1419; x_wconf 83' lang='lat'><strong>“</strong></span> <span class='ocrx_word' id='word_1_137' title='bbox 225 1398 342 1444; x_wconf 83' lang='lat' dir='ltr'>meis,</span> <span class='ocrx_word' id='word_1_138' title='bbox 377 1396 573 1444; x_wconf 85' lang='lat' dir='ltr'>dictator,</span> <span class='ocrx_word' id='word_1_139' title='bbox 610 1396 762 1447; x_wconf 87' lang='lat' dir='ltr'>quibus</span> <span class='ocrx_word' id='word_1_140' title='bbox 796 1399 839 1434; x_wconf 86' lang='lat' dir='ltr'>te</span> <span class='ocrx_word' id='word_1_141' title='bbox 871 1395 995 1434; x_wconf 77' lang='lat' dir='ltr'>modo</span> <span class='ocrx_word' id='word_1_142' title='bbox 1025 1396 1210 1443; x_wconf 88' lang='lat' dir='ltr'>nomine,</span> <span class='ocrx_word' id='word_1_143' title='bbox 1246 1407 1329 1446; x_wconf 90' lang='lat' dir='ltr'>quo</span> <span class='ocrx_word' id='word_1_144' title='bbox 1362 1394 1488 1433; x_wconf 86' lang='lat' dir='ltr'>fando</span> 
     </span>
     <span class='ocr_line' id='line_1_20' title="bbox 180 1452 1490 1506; baseline -0.002 -13"><span class='ocrx_word' id='word_1_145' title='bbox 180 1467 363 1506; x_wconf 84' lang='lat' dir='ltr'>possum,</span> <span class='ocrx_word' id='word_1_146' title='bbox 385 1453 561 1505; x_wconf 85' lang='lat' dir='ltr'>aequavi,</span> <span class='ocrx_word' id='word_1_147' title='bbox 578 1454 712 1491; x_wconf 82' lang='lat' dir='ltr'>Vitam</span> <span class='ocrx_word' id='word_1_148' title='bbox 732 1454 901 1491; x_wconf 82' lang='lat' dir='ltr'>tantum</span> <span class='ocrx_word' id='word_1_149' title='bbox 923 1453 1073 1499; x_wconf 83' lang='lat' dir='ltr'>debeo3</span> <span class='ocrx_word' id='word_1_150' title='bbox 1095 1452 1178 1491; x_wconf 85' lang='lat' dir='ltr'>tibi</span> <span class='ocrx_word' id='word_1_151' title='bbox 1199 1464 1329 1503; x_wconf 89' lang='lat' dir='ltr'>quum</span> <span class='ocrx_word' id='word_1_152' title='bbox 1350 1465 1490 1490; x_wconf 86' lang='lat' dir='ltr'>meam</span> 
     </span>
     <span class='ocr_line' id='line_1_21' title="bbox 181 1509 1489 1562; baseline -0.002 -12"><span class='ocrx_word' id='word_1_153' title='bbox 181 1511 374 1558; x_wconf 85' lang='lat' dir='ltr'>salutem,</span> <span class='ocrx_word' id='word_1_154' title='bbox 391 1515 484 1549; x_wconf 87' lang='lat' dir='ltr'>tum</span> <span class='ocrx_word' id='word_1_155' title='bbox 507 1511 696 1548; x_wconf 87' lang='lat' dir='ltr'>omnium</span> <span class='ocrx_word' id='word_1_156' title='bbox 718 1510 881 1548; x_wconf 88' lang='lat' dir='ltr'>horum.</span> <span class='ocrx_word' id='word_1_157' title='bbox 923 1513 962 1548; x_wconf 87' lang='lat'>4.</span> <span class='ocrx_word' id='word_1_158' title='bbox 995 1510 1146 1562; x_wconf 86' lang='lat' dir='ltr'>Itaque</span> <span class='ocrx_word' id='word_1_159' title='bbox 1160 1509 1297 1561; x_wconf 90' lang='lat' dir='ltr'>plebei</span> <span class='ocrx_word' id='word_1_160' title='bbox 1320 1509 1489 1556; x_wconf 85' lang='lat' dir='ltr'>scitum,</span> 
     </span>
     <span class='ocr_line' id='line_1_22' title="bbox 181 1568 1490 1621; baseline -0.002 -14"><span class='ocrx_word' id='word_1_161' title='bbox 181 1582 265 1621; x_wconf 92' lang='lat' dir='ltr'>quo</span> <span class='ocrx_word' id='word_1_162' title='bbox 288 1571 482 1607; x_wconf 87' lang='lat' dir='ltr'>oneratus</span> <span class='ocrx_word' id='word_1_163' title='bbox 508 1568 656 1619; x_wconf 85' lang='lat' dir='ltr'>magis,</span> <span class='ocrx_word' id='word_1_164' title='bbox 679 1569 807 1619; x_wconf 77' lang='lat' dir='ltr'>quam</span> <span class='ocrx_word' id='word_1_165' title='bbox 827 1568 1054 1606; x_wconf 88' lang='lat' dir='ltr'>honoratus</span> <span class='ocrx_word' id='word_1_166' title='bbox 1085 1580 1192 1614; x_wconf 88' lang='lat' dir='ltr'>sum,</span> <span class='ocrx_word' id='word_1_167' title='bbox 1212 1568 1373 1619; x_wconf 87' lang='lat' dir='ltr'>primus</span> <span class='ocrx_word' id='word_1_168' title='bbox 1395 1570 1490 1605; x_wconf 83' lang='lat' dir='ltr'>ant-</span> 
     </span>
     <span class='ocr_line' id='line_1_23' title="bbox 180 1624 1491 1678; baseline -0.002 -13"><span class='ocrx_word' id='word_1_169' title='bbox 180 1627 282 1678; x_wconf 89' lang='lat' dir='ltr'>iquo</span> <span class='ocrx_word' id='word_1_170' title='bbox 305 1626 542 1677; x_wconf 88' lang='lat' dir='ltr'>abrogoque</span> <span class='ocrx_word' id='word_1_171' title='bbox 561 1639 571 1672; x_wconf 80' lang='lat'><em>3</em></span> <span class='ocrx_word' id='word_1_172' title='bbox 613 1628 668 1673; x_wconf 88' lang='lat' dir='ltr'>et,</span> <span class='ocrx_word' id='word_1_173' title='bbox 691 1625 801 1677; x_wconf 92' lang='lat' dir='ltr'>quod</span> <span class='ocrx_word' id='word_1_174' title='bbox 828 1625 908 1664; x_wconf 89' lang='lat' dir='ltr'>tibi</span> <span class='ocrx_word' id='word_1_175' title='bbox 931 1625 1134 1677; x_wconf 80' lang='lat' dir='ltr'>mihique,</span> <span class='ocrx_word' id='word_1_176' title='bbox 1156 1624 1266 1677; x_wconf 90' lang='lat' dir='ltr'>quod</span> <span class='ocrx_word' id='word_1_177' title='bbox 1297 1625 1491 1663; x_wconf 81' lang='lat' dir='ltr'>exerciti-</span> 
     </span>
     <span class='ocr_line' id='line_1_24' title="bbox 182 1681 1491 1736; baseline -0.002 -13"><span class='ocrx_word' id='word_1_178' title='bbox 182 1685 342 1736; x_wconf 85' lang='lat' dir='ltr'>busque</span> <span class='ocrx_word' id='word_1_179' title='bbox 374 1683 440 1721; x_wconf 84' lang='lat' dir='ltr'>his</span> <span class='ocrx_word' id='word_1_180' title='bbox 475 1683 574 1731; x_wconf 90' lang='lat' dir='ltr'>tuis,</span> <span class='ocrx_word' id='word_1_181' title='bbox 596 1686 759 1721; x_wconf 85' lang='lat' dir='ltr'>servato</span> <span class='ocrx_word' id='word_1_182' title='bbox 790 1696 837 1721; x_wconf 86' lang='lat' dir='ltr'>ac</span> <span class='ocrx_word' id='word_1_183' title='bbox 868 1683 1161 1731; x_wconf 86' lang='lat' dir='ltr'>conservatori,</span> <span class='ocrx_word' id='word_1_184' title='bbox 1190 1683 1246 1721; x_wconf 90' lang='lat' dir='ltr'>sit</span> <span class='ocrx_word' id='word_1_185' title='bbox 1276 1681 1391 1730; x_wconf 83' lang='lat' dir='ltr'>felix,</span> <span class='ocrx_word' id='word_1_186' title='bbox 1413 1682 1491 1720; x_wconf 89' lang='lat' dir='ltr'>sub</span> 
     </span>
     <span class='ocr_line' id='line_1_25' title="bbox 182 1739 1490 1793; baseline -0.002 -13"><span class='ocrx_word' id='word_1_187' title='bbox 182 1742 410 1793; x_wconf 88' lang='lat' dir='ltr'>imperium</span> <span class='ocrx_word' id='word_1_188' title='bbox 451 1740 769 1792; x_wconf 81' lang='lat' dir='ltr'>auspiciumque</span> <span class='ocrx_word' id='word_1_189' title='bbox 815 1744 939 1779; x_wconf 83' lang='lat' dir='ltr'>tuum</span> <span class='ocrx_word' id='word_1_190' title='bbox 984 1740 1119 1788; x_wconf 87' lang='lat' dir='ltr'>redeo,</span> <span class='ocrx_word' id='word_1_191' title='bbox 1160 1742 1204 1779; x_wconf 93' lang='lat' dir='ltr'>et</span> <span class='ocrx_word' id='word_1_192' title='bbox 1243 1740 1362 1792; x_wconf 86' lang='lat' dir='ltr'>signa</span> <span class='ocrx_word' id='word_1_193' title='bbox 1401 1739 1490 1778; x_wconf 81' lang='lat' dir='ltr'>haeo</span> 
     </span>
     <span class='ocr_line' id='line_1_26' title="bbox 183 1798 1490 1852; baseline -0.002 -13"><span class='ocrx_word' id='word_1_194' title='bbox 183 1800 451 1852; x_wconf 85' lang='lat' dir='ltr'>legionesque</span> <span class='ocrx_word' id='word_1_195' title='bbox 509 1799 700 1837; x_wconf 86' lang='lat' dir='ltr'>restituo.</span> <span class='ocrx_word' id='word_1_196' title='bbox 783 1801 820 1837; x_wconf 90' lang='lat'>5.</span> <span class='ocrx_word' id='word_1_197' title='bbox 873 1798 951 1847; x_wconf 83' lang='lat' dir='ltr'>Tu,</span> <span class='ocrx_word' id='word_1_198' title='bbox 993 1811 1143 1850; x_wconf 83' lang='lat' dir='ltr'>quaeso,</span> <span class='ocrx_word' id='word_1_199' title='bbox 1185 1798 1375 1850; x_wconf 85' lang='lat' dir='ltr'>placatus</span> <span class='ocrx_word' id='word_1_200' title='bbox 1423 1810 1490 1836; x_wconf 86' lang='lat' dir='ltr'>me</span> 
     </span>
     <span class='ocr_line' id='line_1_27' title="bbox 182 1855 1491 1909; baseline -0.002 -12"><span class='ocrx_word' id='word_1_201' title='bbox 182 1857 476 1909; x_wconf 83' lang='lat' dir='ltr'>magisterium</span> <span class='ocrx_word' id='word_1_202' title='bbox 497 1856 704 1907; x_wconf 85' lang='lat' dir='ltr'>equitum,</span> <span class='ocrx_word' id='word_1_203' title='bbox 726 1855 800 1894; x_wconf 87' lang='lat' dir='ltr'>hos</span> <span class='ocrx_word' id='word_1_204' title='bbox 821 1855 985 1894; x_wconf 86' lang='lat' dir='ltr'>ordines</span> <span class='ocrx_word' id='word_1_205' title='bbox 1007 1869 1100 1894; x_wconf 88' lang='lat' dir='ltr'>suos</span> <span class='ocrx_word' id='word_1_206' title='bbox 1121 1869 1328 1908; x_wconf 88' lang='lat' dir='ltr'>quemque</span> <span class='ocrx_word' id='word_1_207' title='bbox 1349 1859 1491 1894; x_wconf 85' lang='lat' dir='ltr'>tenere</span> 
     </span>
     <span class='ocr_line' id='line_1_28' title="bbox 179 1913 1492 1968; baseline -0.002 -14"><span class='ocrx_word' id='word_1_208' title='bbox 179 1913 362 1968; x_wconf 82' lang='lat' dir='ltr'>jubeaS.”</span> <span class='ocrx_word' id='word_1_209' title='bbox 425 1913 462 1953; x_wconf 89' lang='lat'>6.</span> <span class='ocrx_word' id='word_1_210' title='bbox 495 1913 605 1952; x_wconf 92' lang='lat' dir='ltr'>Tum</span> <span class='ocrx_word' id='word_1_211' title='bbox 627 1913 784 1952; x_wconf 79' lang='lat' dir='ltr'>dextrae</span> <span class='ocrx_word' id='word_1_212' title='bbox 799 1913 1091 1965; x_wconf 84' lang='lat' dir='ltr'>interjunctae3</span> <span class='ocrx_word' id='word_1_213' title='bbox 1123 1913 1379 1965; x_wconf 84' lang='lat' dir='ltr'>militesque,</span> <span class='ocrx_word' id='word_1_214' title='bbox 1394 1926 1492 1951; x_wconf 89' lang='lat' dir='ltr'>con-</span> 
     </span>
     <span class='ocr_line' id='line_1_29' title="bbox 182 1970 1492 2023; baseline -0.002 -12"><span class='ocrx_word' id='word_1_215' title='bbox 182 1974 303 2011; x_wconf 87' lang='lat' dir='ltr'>cione</span> <span class='ocrx_word' id='word_1_216' title='bbox 317 1971 503 2019; x_wconf 73' lang='lat' dir='ltr'>dimissa,</span> <span class='ocrx_word' id='word_1_217' title='bbox 520 1970 573 2009; x_wconf 85' lang='lat' dir='ltr'>ab</span> <span class='ocrx_word' id='word_1_218' title='bbox 589 1971 701 2010; x_wconf 90' lang='lat' dir='ltr'>notis</span> <span class='ocrx_word' id='word_1_219' title='bbox 718 1971 957 2023; x_wconf 83' lang='lat' dir='ltr'>ignotisque</span> <span class='ocrx_word' id='word_1_220' title='bbox 978 1971 1160 2023; x_wconf 76' lang='lat' dir='ltr'>benigne</span> <span class='ocrx_word' id='word_1_221' title='bbox 1181 1973 1308 2022; x_wconf 73' lang='lat' dir='ltr'>atque</span> <span class='ocrx_word' id='word_1_222' title='bbox 1329 1971 1492 2022; x_wconf 83' lang='lat' dir='ltr'>hospit-</span> 
     </span>
     <span class='ocr_line' id='line_1_30' title="bbox 182 2028 1491 2080; baseline -0.002 -12"><span class='ocrx_word' id='word_1_223' title='bbox 182 2030 305 2069; x_wconf 81' lang='lat' dir='ltr'>aliter</span> <span class='ocrx_word' id='word_1_224' title='bbox 327 2029 525 2075; x_wconf 82' lang='lat' dir='ltr'>invitati3</span> <span class='ocrx_word' id='word_1_225' title='bbox 559 2028 776 2079; x_wconf 81' lang='lat' dir='ltr'>laetusque</span> <span class='ocrx_word' id='word_1_226' title='bbox 799 2028 887 2067; x_wconf 88' lang='lat' dir='ltr'>dies</span> <span class='ocrx_word' id='word_1_227' title='bbox 917 2041 967 2067; x_wconf 83' lang='lat' dir='ltr'>ex</span> <span class='ocrx_word' id='word_1_228' title='bbox 988 2029 1216 2067; x_wconf 81' lang='lat' dir='ltr'>admodum</span> <span class='ocrx_word' id='word_1_229' title='bbox 1237 2029 1351 2067; x_wconf 82' lang='lat' dir='ltr'>tristi</span> <span class='ocrx_word' id='word_1_230' title='bbox 1366 2028 1491 2080; x_wconf 78' lang='lat' dir='ltr'>paulo</span> 
     </span>
     <span class='ocr_line' id='line_1_31' title="bbox 184 2085 1493 2138; baseline -0.002 -12"><span class='ocrx_word' id='word_1_231' title='bbox 184 2088 282 2126; x_wconf 75' lang='lat' dir='ltr'>ante</span> <span class='ocrx_word' id='word_1_232' title='bbox 304 2100 349 2125; x_wconf 86' lang='lat' dir='ltr'>ac</span> <span class='ocrx_word' id='word_1_233' title='bbox 373 2087 500 2137; x_wconf 78' lang='lat' dir='ltr'>prope</span> <span class='ocrx_word' id='word_1_234' title='bbox 521 2085 763 2124; x_wconf 75' lang='lat' dir='ltr'>exsecrabili</span> <span class='ocrx_word' id='word_1_235' title='bbox 787 2086 932 2124; x_wconf 76' lang='lat' dir='ltr'>factus.</span> <span class='ocrx_word' id='word_1_236' title='bbox 997 2088 1034 2125; x_wconf 83' lang='lat'>7.</span> <span class='ocrx_word' id='word_1_237' title='bbox 1068 2086 1224 2133; x_wconf 79' lang='lat' dir='ltr'>Romae,</span> <span class='ocrx_word' id='word_1_238' title='bbox 1247 2091 1295 2124; x_wconf 82' lang='lat' dir='ltr'>ut</span> <span class='ocrx_word' id='word_1_239' title='bbox 1315 2090 1379 2125; x_wconf 85' lang='lat' dir='ltr'>est</span> <span class='ocrx_word' id='word_1_240' title='bbox 1400 2099 1493 2138; x_wconf 84' lang='lat' dir='ltr'>per-</span> 
     </span>
     <span class='ocr_line' id='line_1_32' title="bbox 185 2143 1492 2196; baseline -0.002 -12"><span class='ocrx_word' id='word_1_241' title='bbox 185 2145 272 2184; x_wconf 75' lang='lat' dir='ltr'>lata</span> <span class='ocrx_word' id='word_1_242' title='bbox 307 2145 418 2182; x_wconf 84' lang='lat' dir='ltr'>fama</span> <span class='ocrx_word' id='word_1_243' title='bbox 451 2145 510 2182; x_wconf 90' lang='lat' dir='ltr'>rei</span> <span class='ocrx_word' id='word_1_244' title='bbox 553 2146 694 2196; x_wconf 55' lang='lat' dir='ltr'>gestae,</span> <span class='ocrx_word' id='word_1_245' title='bbox 728 2143 826 2182; x_wconf 85' lang='lat' dir='ltr'>dein</span> <span class='ocrx_word' id='word_1_246' title='bbox 858 2143 991 2182; x_wconf 76' lang='lat' dir='ltr'>literis</span> <span class='ocrx_word' id='word_1_247' title='bbox 1019 2157 1102 2182; x_wconf 89' lang='lat' dir='ltr'>non</span> <span class='ocrx_word' id='word_1_248' title='bbox 1131 2145 1266 2195; x_wconf 72' lang='lat' dir='ltr'>magis</span> <span class='ocrx_word' id='word_1_249' title='bbox 1304 2145 1492 2195; x_wconf 88' lang='lat' dir='ltr'>ipsorum</span> 
     </span>
     <span class='ocr_line' id='line_1_33' title="bbox 185 2200 1492 2254; baseline -0.002 -12"><span class='ocrx_word' id='word_1_250' title='bbox 185 2203 501 2254; x_wconf 83' lang='lat' dir='ltr'>imperatorum,</span> <span class='ocrx_word' id='word_1_251' title='bbox 523 2203 649 2253; x_wconf 75' lang='lat' dir='ltr'>quam</span> <span class='ocrx_word' id='word_1_252' title='bbox 672 2201 798 2253; x_wconf 81' lang='lat' dir='ltr'>vulgo</span> <span class='ocrx_word' id='word_1_253' title='bbox 820 2200 1007 2239; x_wconf 77' lang='lat' dir='ltr'>militum</span> <span class='ocrx_word' id='word_1_254' title='bbox 1030 2215 1079 2240; x_wconf 80' lang='lat' dir='ltr'>ex</span> <span class='ocrx_word' id='word_1_255' title='bbox 1102 2205 1277 2254; x_wconf 84' lang='lat' dir='ltr'>utroque</span> <span class='ocrx_word' id='word_1_256' title='bbox 1293 2202 1492 2247; x_wconf 79' lang='lat' dir='ltr'>exercitu,</span> 
     </span>
     <span class='ocr_line' id='line_1_34' title="bbox 182 2258 1493 2310; baseline 0 -12"><span class='ocrx_word' id='word_1_257' title='bbox 182 2260 418 2306; x_wconf 81' lang='lat' dir='ltr'>adfirmata,</span> <span class='ocrx_word' id='word_1_258' title='bbox 441 2272 514 2310; x_wconf 90' lang='lat' dir='ltr'>pro</span> <span class='ocrx_word' id='word_1_259' title='bbox 537 2272 577 2297; x_wconf 89' lang='lat' dir='ltr'>se</span> <span class='ocrx_word' id='word_1_260' title='bbox 599 2259 775 2310; x_wconf 87' lang='lat' dir='ltr'>quisque</span> <span class='ocrx_word' id='word_1_261' title='bbox 798 2259 1032 2297; x_wconf 80' lang='lat' dir='ltr'>Maximum</span> <span class='ocrx_word' id='word_1_262' title='bbox 1047 2259 1243 2297; x_wconf 79' lang='lat' dir='ltr'>laudibus</span> <span class='ocrx_word' id='word_1_263' title='bbox 1265 2258 1316 2297; x_wconf 89' lang='lat' dir='ltr'>ad</span> <span class='ocrx_word' id='word_1_264' title='bbox 1339 2259 1493 2298; x_wconf 86' lang='lat' dir='ltr'>coelum</span> 
     </span>
     <span class='ocr_line' id='line_1_35' title="bbox 184 2316 1492 2369; baseline -0.001 -13"><span class='ocrx_word' id='word_1_265' title='bbox 184 2318 303 2356; x_wconf 86' lang='lat' dir='ltr'>ferre.</span> <span class='ocrx_word' id='word_1_266' title='bbox 387 2318 424 2355; x_wconf 83' lang='lat'>8.</span> <span class='ocrx_word' id='word_1_267' title='bbox 478 2316 559 2354; x_wconf 85' lang='lat' dir='ltr'>Par</span> <span class='ocrx_word' id='word_1_268' title='bbox 599 2317 733 2367; x_wconf 72' lang='lat' dir='ltr'>gloria</span> <span class='ocrx_word' id='word_1_269' title='bbox 774 2316 884 2368; x_wconf 83' lang='lat' dir='ltr'>apud</span> <span class='ocrx_word' id='word_1_270' title='bbox 937 2317 1220 2355; x_wconf 82' lang='lat' dir='ltr'>Hannibalem</span> <span class='ocrx_word' id='word_1_271' title='bbox 1269 2316 1492 2369; x_wconf 78' lang='lat' dir='ltr'>hostesque</span> 
     </span>
     <span class='ocr_line' id='line_1_36' title="bbox 186 2373 1493 2427; baseline 0.001 -14"><span class='ocrx_word' id='word_1_272' title='bbox 186 2375 336 2413; x_wconf 79' lang='lat' dir='ltr'>Poenos</span> <span class='ocrx_word' id='word_1_273' title='bbox 357 2377 471 2419; x_wconf 53' lang='lat' dir='ltr'>erat,</span> <span class='ocrx_word' id='word_1_274' title='bbox 494 2387 541 2412; x_wconf 89' lang='lat' dir='ltr'>ac</span> <span class='ocrx_word' id='word_1_275' title='bbox 555 2378 645 2412; x_wconf 83' lang='lat' dir='ltr'>tum</span> <span class='ocrx_word' id='word_1_276' title='bbox 668 2374 839 2412; x_wconf 87' lang='lat' dir='ltr'>demum</span> <span class='ocrx_word' id='word_1_277' title='bbox 863 2375 1016 2413; x_wconf 72' lang='lat' dir='ltr'>sentire.</span> <span class='ocrx_word' id='word_1_278' title='bbox 1039 2387 1135 2412; x_wconf 84' lang='lat' dir='ltr'>cum</span> <span class='ocrx_word' id='word_1_279' title='bbox 1153 2373 1352 2412; x_wconf 80' lang='lat' dir='ltr'>Romanis</span> <span class='ocrx_word' id='word_1_280' title='bbox 1366 2378 1493 2427; x_wconf 77' lang='lat' dir='ltr'>atque-</span> 
     </span>
     <span class='ocr_line' id='line_1_37' title="bbox 184 2430 1491 2471; baseline 0 0"><span class='ocrx_word' id='word_1_281' title='bbox 184 2434 229 2471; x_wconf 91' lang='lat' dir='ltr'>in</span> <span class='ocrx_word' id='word_1_282' title='bbox 264 2432 393 2471; x_wconf 66' lang='lat' dir='ltr'>Italia</span> <span class='ocrx_word' id='word_1_283' title='bbox 421 2430 579 2469; x_wconf 88' lang='lat' dir='ltr'>bellum</span> <span class='ocrx_word' id='word_1_284' title='bbox 605 2444 704 2470; x_wconf 77' lang='lat' dir='ltr'>esse.</span> <span class='ocrx_word' id='word_1_285' title='bbox 769 2433 805 2470; x_wconf 87' lang='lat'>9.</span> <span class='ocrx_word' id='word_1_286' title='bbox 839 2431 947 2470; x_wconf 88' lang='lat' dir='ltr'>Nam</span> <span class='ocrx_word' id='word_1_287' title='bbox 982 2431 1150 2471; x_wconf 85' lang='lat' dir='ltr'>biennio</span> <span class='ocrx_word' id='word_1_288' title='bbox 1187 2433 1286 2470; x_wconf 64' lang='lat' dir='ltr'>ante.</span> <span class='ocrx_word' id='word_1_289' title='bbox 1322 2433 1423 2471; x_wconf 58' lang='lat' dir='ltr'>adef»</span> <span class='ocrx_word' id='word_1_290' title='bbox 1451 2438 1491 2471; x_wconf 76' lang='lat' dir='ltr'>ct</span> 
     </span>
     <span class='ocr_line' id='line_1_38' title="bbox 183 2489 1493 2541; baseline 0.001 -12"><span class='ocrx_word' id='word_1_291' title='bbox 183 2490 308 2529; x_wconf 84' lang='lat' dir='ltr'>duces</span> <span class='ocrx_word' id='word_1_292' title='bbox 330 2489 539 2528; x_wconf 84' lang='lat' dir='ltr'>Romanos</span> <span class='ocrx_word' id='word_1_293' title='bbox 561 2492 605 2528; x_wconf 84' lang='lat' dir='ltr'>et</span> <span class='ocrx_word' id='word_1_294' title='bbox 626 2489 785 2528; x_wconf 84' lang='lat' dir='ltr'>milites</span> <span class='ocrx_word' id='word_1_295' title='bbox 799 2492 1052 2541; x_wconf 80' lang='lat' dir='ltr'>spreverant,</span> <span class='ocrx_word' id='word_1_296' title='bbox 1074 2493 1121 2528; x_wconf 83' lang='lat' dir='ltr'>ut</span> <span class='ocrx_word' id='word_1_297' title='bbox 1143 2490 1210 2528; x_wconf 83' lang='lat' dir='ltr'>vix</span> <span class='ocrx_word' id='word_1_298' title='bbox 1228 2502 1323 2527; x_wconf 81' lang='lat' dir='ltr'>cuin</span> <span class='ocrx_word' id='word_1_299' title='bbox 1345 2492 1493 2530; x_wconf 63' lang='lat' dir='ltr'>eadem</span> 
     </span>
    </p>
   </div>
  </div>
 </body>
</html>
