1621 2718
184 190 210 227 6
473 189 585 227 ΤΙΤΙ
621 188 761 227 LIVn
797 186 1196 227 HISTORIARUM

647 386 914 426 CHAPTER
955 386 1030 425 IV.

185 477 277 509 With
303 477 359 508 the
384 478 468 507 view
494 477 531 507 of
549 475 697 515 drawing
718 474 901 505 Flaminius
929 480 963 505 to
989 485 1031 505 an
1061 474 1155 516 Enga
1178 479 1294 513 ement,
1324 475 1495 508 Hannibal

226 530 362 560 ravages
371 520 426 550 the
439 519 541 549 whole
551 518 683 549 district
693 518 783 559 lying
794 518 936 548 between
949 517 1090 548 Cortona
1099 527 1140 548 an
1175 517 1264 550 Lake
1274 518 1496 550 Trasimenus.

227 563 348 594 Selects
364 573 384 593 a
399 566 474 603 spot
489 561 629 602 adapted
644 561 696 592 for
706 571 747 591 an
759 561 906 597 ambush,
921 560 1025 591 where
1041 560 1081 591 he
1097 562 1210 592 awaits
1227 561 1282 592 the
1292 562 1454 602 approach
1461 562 1499 593 of

229 605 420 636 Flaminius.
466 604 672 645 Description
700 604 737 634 of
746 603 811 634 'the
836 604 936 643 place.
993 603 1196 644 Disposition
1222 604 1257 634 of
1277 603 1333 635 the
1358 604 1495 635 Cartha-

228 649 340 689 ginian
366 648 494 678 Forces.
541 646 724 678 Flaminius
747 646 870 686 having
895 646 1059 677 advanced
1081 646 1220 678 without
1242 647 1492 688 rmonnoitring,

226 691 322 722 while
334 701 353 721 a
366 690 445 721 mist
457 690 547 730 hung
563 700 641 721 over
653 690 709 720 the
721 689 819 720 lower
834 689 986 729 grounds,
1006 689 1034 720 is
1051 689 1212 730 suddenly
1223 690 1376 721 attacked
1391 700 1433 721 on
1449 691 1495 721 all

227 734 313 765 sides
330 734 441 764 before
456 733 513 764 the
528 733 674 764 Romans
689 743 747 764 can
763 733 803 763 be
819 732 929 763 drawn
945 742 1107 773 up.—-B.c.
1125 734 1197 767 217.

275 813 310 849 1.
343 810 584 859 HANNIBAL,
615 809 728 862 quod
758 810 848 861 agri
880 812 944 848 est
964 810 1075 848 inter
1098 808 1323 849 Cortonam
1345 810 1494 850 urbem

184 868 561 919 Trasimenumque
584 867 738 916 lacum,
760 867 876 905 omni
897 866 1015 905 clade
1036 866 1139 906 belli
1161 870 1389 919 pervastat,
1411 868 1492 920 qub

183 925 320 977 magis
359 925 467 963 iram
509 925 621 963 hosti
661 925 715 963 ad
754 924 1027 963 vindicandas
1069 925 1276 963 sociorum
1316 924 1493 977 injurias

184 985 322 1021 acuat.
385 984 423 1021 2.
457 982 515 1020 Et
539 981 631 1034 jam
667 984 947 1034 pervenerant
978 981 1031 1020 ad
1061 981 1152 1020 loca
1181 985 1282 1020 nata
1312 982 1493 1030 insidiis,

186 1040 261 1078 ubi
311 1040 495 1078 maxime
531 1042 695 1077 montes
737 1038 1009 1078 Cortonenses
1048 1038 1315 1078 Trasimenus
1365 1040 1492 1079 subit.

184 1096 265 1134 Via
298 1099 469 1135 tantum
511 1097 687 1135 interest
721 1098 988 1148 perangusta,
1021 1095 1141 1134 velut
1173 1096 1227 1135 ad
1267 1096 1312 1135 id
1352 1097 1492 1148 ipsum

185 1153 236 1192 de
258 1153 469 1192 industria
490 1153 638 1192 relicto
661 1153 796 1205 spatio
815 1167 825 1197 ς
857 1153 1009 1192 deinde
1025 1152 1151 1205 paulo
1167 1152 1292 1192 latior
1314 1155 1495 1206 patescit

184 1224 382 1262 campus3
414 1211 513 1250 inde
536 1210 662 1249 colles
685 1211 928 1262 adsurgunt.
974 1212 1011 1249 3.
1042 1211 1109 1249 Ibi
1132 1213 1267 1250 castra
1286 1211 1331 1249 in
1348 1215 1493 1263 aperto

185 1267 310 1316 locat,
333 1268 406 1307 ubi
428 1269 517 1320 ipse
539 1281 637 1306 cum
658 1268 770 1306 Afris
790 1268 914 1306 modo
930 1267 1217 1320 Hispanisque
1234 1269 1493 1317 consideret;

184 1325 374 1364 Baliares
415 1328 680 1377 ceteramque
721 1325 858 1364 levem
898 1328 1157 1364 armaturam
1198 1329 1293 1377 post
1328 1330 1494 1365 montes

185 1383 492 1432 circumducit3
535 1384 699 1434 equites
732 1383 785 1421 ad
816 1383 927 1434 ipsas
961 1383 1101 1422 fauces
1135 1382 1279 1431 saltfis,
1316 1384 1494 1422 tumulis

184 1441 282 1492 apte
303 1441 561 1492 tegentibus,
576 1440 700 1487 locat,
714 1444 776 1488 ut,
791 1440 863 1479 ubi
878 1439 1105 1479 intrassent
1118 1440 1312 1489 Romani,
1325 1441 1492 1493 objecto

185 1499 394 1549 equitatu,
417 1497 556 1536 clausa
577 1499 720 1536 omnia
740 1497 835 1536 lacu
856 1511 904 1536 ac
925 1498 1140 1536 montibus
1162 1502 1312 1537 essent.

272 1558 312 1593 4.
345 1554 584 1594 Flaminius
617 1568 750 1607 quum
783 1555 921 1607 pridie
955 1555 1052 1594 solis
1084 1568 1232 1594 occasu
1263 1555 1315 1594 ad
1352 1555 1490 1595 lacum

185 1612 456 1664 pervenisset,
479 1612 742 1665 inexplorato
773 1615 938 1664 postero
960 1613 1028 1651 die
1050 1613 1225 1651 vixdum
1248 1615 1348 1652 satis
1380 1618 1493 1653 certa

184 1669 279 1709 luce
293 1671 501 1721 angustiis
517 1671 737 1722 superatis,
751 1673 974 1722 postquam
991 1670 1036 1708 in
1051 1671 1332 1722 patentiorem
1351 1684 1492 1722 camp-

184 1740 258 1765 um
289 1727 419 1779 pandi
450 1740 603 1779 agmen
624 1728 767 1779 coepit,
789 1727 834 1765 id
866 1730 1036 1766 tantum
1067 1728 1268 1776 hostium,
1300 1728 1412 1780 quod
1444 1741 1492 1767 ex

184 1784 356 1823 adverso
378 1788 482 1833 erat,
496 1786 739 1836 conspexit3
771 1784 824 1823 ab
846 1788 965 1837 tergo
983 1798 1030 1823 ac
1053 1798 1175 1837 super
1197 1789 1323 1837 caput
1345 1785 1492 1837 decep-

183 1855 252 1881 ere
272 1842 452 1881 insidiae.
516 1845 554 1881 5.
587 1842 742 1881 Poenus
764 1842 852 1889 ubi,
879 1843 923 1881 id
944 1843 1055 1894 quod
1082 1843 1277 1894 petierat,
1300 1842 1489 1882 clausum

183 1898 278 1938 lacu
314 1913 362 1938 ac
396 1899 613 1938 montibus
650 1902 693 1938 et
728 1899 1027 1938 circumfusum
1064 1900 1147 1938 suis
1181 1901 1311 1951 copiis
1343 1900 1492 1939 habuit

183 1956 362 2004 hostem,
384 1957 555 2009 signum
576 1956 772 1995 omnibus
793 1957 866 1996 dat
888 1956 1014 1995 simul
1036 1957 1276 1996 invadendi.
1339 1958 1376 1995 (3.
1411 1957 1490 2004 Qui

183 2014 257 2053 ubi
281 2016 363 2067 qua
384 2015 537 2066 cuique
558 2015 798 2067 proximum
821 2015 906 2053 fuit
927 2014 1266 2062 decucurrerunt,
1289 2028 1335 2053 eo
1358 2016 1492 2065 magis

182 2070 384 2111 Romanis
405 2072 545 2111 subita
572 2074 700 2124 atque
721 2072 934 2124 inprovisa
964 2085 1028 2111 res
1058 2072 1156 2120 fuit,
1179 2072 1290 2124 quod
1322 2076 1413 2111 orta
1444 2086 1494 2111 ex

181 2128 277 2168 lacu
317 2129 472 2168 nebula
513 2143 660 2182 campo
701 2142 827 2182 quam
867 2129 1083 2168 montibus
1119 2129 1284 2169 densior
1317 2130 1493 2177 sederat,

181 2187 437 2240 agminaque
459 2187 646 2226 hostium
677 2200 727 2226 ex
758 2186 950 2239 pluribus
981 2186 1157 2226 collibus
1188 2188 1279 2239 ipsa
1310 2188 1421 2226 inter
1452 2201 1494 2226 se

182 2245 284 2283 satis
305 2248 528 2297 conspecta
549 2258 680 2297 eoque
711 2245 846 2296 magis
878 2245 1035 2297 pariter
1057 2244 1390 2284 decucurrerant.
1454 2246 1492 2284 7.

181 2301 397 2341 Romanus
448 2302 628 2341 clamore
669 2303 785 2355 prius
836 2302 1024 2355 undique
1065 2305 1171 2350 orto,
1213 2304 1340 2355 quam
1392 2304 1493 2341 satis

181 2363 384 2408 cerneret,
407 2373 448 2399 se
470 2361 810 2399 circumventum
832 2373 917 2399 esse
935 2360 1064 2399 sensit
1082 2375 1092 2408 ;
1123 2364 1167 2399 et
1188 2361 1285 2399 ante
1299 2360 1345 2399 in
1359 2360 1492 2399 front-

181 2429 248 2456 em
290 2416 503 2471 lateraque
543 2418 724 2471 pugnari
765 2420 953 2471 coeptum
995 2421 1072 2467 est,
1123 2419 1251 2470 quam
1292 2418 1392 2457 satis
1429 2418 1494 2456 in-

181 2477 414 2514 strueretur
453 2476 562 2515 acies
598 2479 673 2515 aut
714 2478 901 2531 expediri
936 2490 1051 2516 arma
1087 2476 1322 2528 stringique
1359 2475 1492 2528 gladii

175 2535 359 2581 possent.
