1621 2718
225 183 276 219 68
523 182 638 219 ΤΙΤΙ
675 183 816 220 LIVII
853 182 1244 220 HISTORIARUM

225 293 339 332 nefas
360 306 491 345 quum
512 293 623 332 inter
644 296 724 341 tot,
740 296 790 331 ut
806 292 869 341 fit,
886 292 1022 332 clades
1042 294 1087 332 in
1108 294 1351 346 prodigium
1368 307 1533 334 versum

225 353 344 398 esset,
390 352 428 389 5.
451 351 677 389 decemviri
698 350 825 388 libros
846 351 962 389 adire
977 350 1085 402 jussi
1106 354 1216 399 sunt,
1239 354 1282 390 et
1304 351 1351 398 Q.
1374 351 1532 391 Fabius

226 408 370 446 Pictor
410 408 596 459 Delphos
637 407 689 446 ad
730 407 945 446 oraculum
984 408 1133 446 missus
1163 411 1226 447 est
1257 409 1531 457 sciscitatum,

223 465 376 517 quibus
409 465 601 517 precibus
632 464 933 517 suppliciisque
964 465 1061 503 deos
1091 469 1259 517 possent
1289 465 1464 517 placare,
1487 471 1532 505 et

224 536 417 574 quaenam
438 522 582 561 futura
601 521 698 561 finis
718 522 849 560 tantis
879 521 1067 561 cladibus
1097 522 1217 561 foret.
1281 523 1318 561 6.
1351 523 1532 562 Interim

224 593 275 618 ex
296 579 496 618 fatalibus
517 579 637 618 libris
652 579 854 618 sacrificia
869 579 1033 631 aliquot
1049 580 1379 619 extraordinaria
1394 581 1531 627 facta3

226 638 337 675 inter
359 650 451 688 quae
474 636 622 676 Gallus
655 640 698 676 et
735 636 871 686 Galla,
895 636 1064 676 Graecus
1100 642 1143 675 et
1177 637 1334 685 Graeca,
1367 639 1412 676 in
1443 638 1531 677 foro

225 694 367 733 boario
399 694 475 733 sub
505 698 618 734 terra
638 695 725 734 vivi
746 694 915 733 demissi
945 699 1043 733 sunt
1073 695 1117 733 in
1149 695 1288 733 locum
1319 709 1413 734 saxo
1436 709 1532 734 con-

223 756 418 804 saeptum,
450 752 542 803 jam
578 753 676 791 ante
711 752 860 791 hostiis
894 752 1103 801 humanis,
1130 753 1307 792 minime
1341 753 1529 793 Romano

224 823 352 857 sacro,
375 810 602 848 imbutum.

313 868 350 907 7.
397 867 579 906 Placatis
615 869 730 916 satis,
766 871 815 905 ut
849 867 1060 915 rebantur,
1097 868 1199 914 deiS,
1232 867 1294 906 M.
1330 867 1531 908 Claudius

224 924 449 963 Marcellus
472 925 523 963 ab
547 925 665 964 Ostia
686 924 805 963 mille
827 928 869 963 et
891 925 1143 976 quingentos
1164 925 1338 972 milites,
1360 939 1462 977 quos
1485 927 1531 964 in

224 981 398 1021 classem
431 983 606 1034 scriptos
646 982 841 1029 habebat,
880 982 1070 1030 Romam,
1111 985 1161 1020 ut
1200 982 1295 1021 urbi
1336 983 1531 1035 praesidio

221 1044 372 1087 essent,
394 1040 534 1078 mittit
552 1056 560 1086 ;
605 1043 642 1078 8.
672 1040 774 1091 ipse,
796 1039 961 1091 legione
984 1039 1262 1078 classica—ea
1276 1039 1387 1092 legio
1403 1042 1532 1080 tertia

223 1100 360 1136 erat—
373 1111 470 1136 cum
500 1098 682 1136 tribunis
715 1097 905 1135 militiun
937 1097 1124 1135 Teanum
1157 1096 1395 1136 Sidicinum
1427 1111 1532 1150 prae-

222 1155 360 1201 missi-1,
382 1154 508 1193 classe
529 1155 687 1194 tradita
708 1154 755 1193 P.
780 1154 906 1192 Furio
930 1154 1054 1192 Philo
1075 1154 1257 1206 collegae,
1270 1168 1424 1206 paucos
1437 1160 1531 1207 post

222 1212 310 1251 dies
345 1212 571 1252 Canusium
602 1213 766 1264 magnis
800 1212 1024 1250 itineribus
1057 1212 1289 1251 contendit.
1354 1214 1391 1251 9.
1424 1213 1530 1252 Inde

222 1270 404 1308 dictator
425 1283 475 1308 ex
497 1272 750 1309 auctoritate
774 1273 941 1321 patrum
963 1270 1101 1308 dictus
1125 1269 1186 1307 M.
1209 1269 1236 1308 J
1239 1270 1376 1319 unius,
1400 1273 1443 1309 et
1464 1270 1529 1309 Ti.

223 1327 493 1379 Sempronius
514 1329 717 1380 magister
747 1328 954 1379 equitum,
977 1326 1138 1365 delecto
1171 1327 1323 1374 edicto,
1340 1327 1530 1379 juniores

221 1385 272 1423 ab
294 1386 414 1424 annis
437 1385 735 1437 septemdecim
757 1388 800 1423 et
821 1385 1023 1436 quosdam
1038 1387 1308 1436 praetextatos
1325 1384 1525 1425 scribunt.

225 1445 289 1481 10.
324 1440 513 1489 Quatuor
548 1456 597 1481 ex
631 1443 696 1480 his
732 1442 914 1494 legiones
952 1446 996 1480 et
1028 1441 1148 1480 mille
1179 1443 1343 1494 equites
1375 1442 1528 1481 effecti.

220 1500 330 1538 Item
352 1500 405 1538 ad
427 1501 557 1539 socios
572 1501 857 1551 Latinumque
873 1513 1025 1539 nomen
1040 1499 1092 1538 ad
1106 1499 1266 1538 milites
1283 1513 1333 1538 ex
1349 1500 1530 1539 formul-51

214 1558 480 1609 accipiendos
501 1558 696 1596 mittunt.
758 1558 898 1606 Arma,
920 1557 1020 1605 tela,
1042 1556 1126 1595 alia
1146 1557 1283 1608 parari
1299 1556 1468 1608 jubent,
1485 1560 1530 1596 et

221 1619 358 1654 vetera
380 1615 514 1667 spolia
533 1615 719 1654 hostium
748 1615 977 1653 detrahunt
1007 1613 1177 1666 templis
1198 1615 1527 1667 porticibusque.

222 1676 286 1712 11.
320 1673 377 1712 Et
398 1673 527 1712 aliam
559 1673 736 1712 formam
768 1673 861 1711 novi
895 1671 1082 1711 delectus
1117 1673 1263 1723 inopia
1298 1672 1529 1711 liberorum

214 1732 406 1783 capitum
427 1745 474 1770 ac
494 1732 717 1771 necessitas
734 1730 875 1769 dedit:
913 1734 1006 1768 octo
1020 1729 1158 1768 millia
1173 1729 1380 1781 juvenum
1394 1729 1530 1769 valid-

217 1802 336 1828 orum
367 1803 417 1828 ex
440 1789 635 1836 servitiis,
658 1789 775 1840 prius
806 1788 1068 1826 sciscitantes
1099 1787 1297 1838 singulos,
1314 1786 1528 1826 vellentne

216 1847 416 1894 militare,
449 1850 592 1898 empta
627 1845 796 1898 publice
828 1847 1109 1884 armaverunt.
1189 1847 1253 1882 12.
1287 1844 1372 1883 Hic
1404 1844 1526 1884 miles

216 1906 349 1957 magis
372 1905 547 1956 placuit,
570 1917 701 1956 quum
732 1904 870 1956 pretio
903 1903 1064 1941 minore
1098 1902 1302 1941 redimere
1340 1903 1528 1954 captivos

214 1964 336 2014 copia
358 1964 490 2001 lieret.

637 2086 903 2126 CHAPTER
938 2086 1097 2124 LVIII.

214 2161 382 2193 Hannibal
414 2166 553 2192 musters
577 2159 642 2190 and
670 2163 835 2200 separatos
860 2159 912 2189 liis
943 2158 1114 2199 prisoncrs.
1168 2158 1291 2189 Allows
1318 2157 1372 2189 the
1400 2157 1526 2189 Roman

255 2206 360 2236 Allies
377 2210 409 2235 10
425 2204 548 2245 depart.
595 2202 773 2234 Addresses
790 2202 843 2233 the
862 2203 1004 2232 Romans
1020 2201 1084 2232 und
1096 2211 1205 2231 names
1216 2201 1270 2231 the
1284 2205 1383 2232 ternis
1395 2201 1431 2231 of
1443 2201 1528 2232 their

254 2259 393 2279 ransom.
441 2249 507 2278 Ten
533 2257 606 2277 meu
621 2246 757 2277 selected
775 2246 816 2287 by
833 2245 887 2277 tho
904 2246 1066 2286 prisoners
1090 2250 1123 2275 to
1138 2244 1272 2285 proceed
1295 2250 1328 2275 1ο
1346 2245 1446 2275 Rome
1462 2245 1526 2275 and

254 2297 288 2322 to
314 2292 369 2333 lay
394 2291 478 2322 their
505 2301 575 2321 case
602 2290 710 2320 before
737 2289 793 2320 the
820 2289 945 2319 Senam.
999 2289 1088 2319 'raka
1113 2298 1153 2318 an
1177 2287 1253 2318 oath
1276 2287 1349 2319 that
1365 2287 1442 2328 they
1459 2288 1526 2318 will

253 2340 374 2366 return.
431 2336 498 2365 Ono
520 2335 556 2364 of
576 2333 674 2369 them,
692 2332 794 2363 under
819 2343 905 2363 some
928 2330 1306 2372 p1·ctoxt,rc-e11tersthe
1334 2341 1435 2371 camp.
1460 2331 1525 2361 and

253 2378 364 2409 before
381 2378 476 2416 night
492 2377 610 2417 rojoins
628 2377 678 2407 his
695 2375 866 2407 comi-ades.
924 2375 1087 2406 Carthalo.
1104 2374 1184 2407 also.
1203 2373 1354 2415 proceeds
1373 2378 1407 2404 10
1425 2374 1526 2405 Rome

252 2426 286 2453 to
302 2421 437 2453 conduct
455 2420 679 2459 nogotiations.
694 2419 810 2450 should
824 2419 877 2450 tho
896 2419 1034 2449 Romans
1047 2417 1164 2449 incline
1178 2422 1211 2449 1ο
1224 2427 1327 2458 peace.
1375 2419 1402 2447 A
1421 2417 1524 2453 lictor,

253 2471 325 2496 sent
343 2466 383 2505 by
400 2465 455 2496 tho
474 2465 629 2497 Dictator,
647 2463 756 2494 orders
775 2462 842 2492 him
861 2468 893 2492 to
910 2462 1022 2502 :lt-part
1037 2462 1118 2492 from
1136 2461 1191 2491 the
1207 2461 1332 2491 Roman
1345 2460 1523 2492 territorias

251 2509 361 2541 before
376 2508 584 2548 night—nc.
603 2509 676 2537 216.
