1621 2718
367 146 536 185 LIBER
559 148 698 186 XXII.
755 148 872 187 CAP.
908 149 1083 188 XXXV.
1328 153 1379 190 43

72 258 116 299 5.
162 255 268 298 Cum
302 261 481 310 quatuor
505 257 696 297 militum
719 258 957 312 legionibus
977 260 1182 299 universis
1202 262 1378 312 pugnari

73 327 191 368 posse
210 315 449 367 apparuisse
469 328 532 363 eo,
551 315 663 368 quod
684 315 746 355 M.
775 316 1003 365 Minucius,
1032 316 1205 356 absente
1234 317 1380 365 Fabio,

73 373 269 426 prospere
289 371 540 425 pugnasset3
574 373 612 412 6.
644 373 746 413 duas
776 373 963 426 legiones
992 373 1104 413 hosti
1139 373 1192 413 ad
1222 374 1380 414 caedem

74 428 274 481 objectas,
295 429 447 468 deinde
476 443 526 468 ex
555 430 646 483 ipsa
666 431 777 470 caede
798 434 974 483 ereptas,
1001 434 1051 470 ut
1084 434 1204 483 pater
1237 436 1378 483 patro-

74 499 235 539 nusque
275 486 572 539 appellaretur,
613 489 685 540 qui
726 489 843 540 prius
882 489 1048 527 vincere
1099 487 1381 540 prohibuisset

75 542 300 593 Romanos,
331 545 459 595 quam
493 544 618 583 vinci.
681 545 719 585 7.
764 544 963 585 Consules
1000 545 1151 584 deinde
1184 545 1381 585 Fabianis

73 601 250 650 artibus,
281 613 411 653 quum
442 601 651 641 debellare
681 606 863 654 possent,
893 601 1051 641 bellum
1081 602 1268 642 traxisse.
1330 603 1381 642 Id

77 657 212 698 foedus
232 658 345 697 inter
367 671 508 697 omnes
528 658 689 698 nobiles
709 659 858 707 ictum,
879 672 956 698 nec
987 659 1115 698 finem
1147 661 1246 699 ante
1278 659 1379 699 belli

75 714 305 764 habituros,
326 717 455 768 quam
477 715 689 755 consulem
705 729 803 755 vere
822 715 1050 768 plebeium,
1067 716 1112 755 id
1133 720 1197 755 est
1217 717 1381 756 homin-

74 785 145 812 em
193 785 364 821 novum,
397 772 614 812 fecissent:
671 775 710 812 8.
753 786 851 812 nam
884 773 1069 825 plebeios
1100 773 1262 813 nobiles
1287 774 1380 826 jam

74 829 236 870 eisdem
255 830 447 869 initiatos
476 843 562 870 esse
593 831 730 879 sacris,
753 835 796 870 et
826 833 1092 870 contemnere
1122 830 1304 883 plebem,
1325 844 1375 870 ex

61 900 158 940 ¹quo
189 889 403 927 contemni
423 888 614 940 patribus
635 888 852 935 desierint,
873 889 1058 940 coepisse.
1121 889 1158 927 9.
1191 887 1268 928 Cui
1297 901 1378 927 non

74 957 273 997 apparere
309 944 354 984 id
387 948 530 984 actum
565 948 609 984 et
641 946 867 997 quaesitum
898 958 999 994 esse,
1020 949 1069 984 ut
1091 945 1380 998 interregnum

76 1002 270 1050 iniretur,
291 1005 342 1041 ut
370 1002 415 1041 in
443 1006 613 1055 patrum
641 1006 848 1054 potestate
876 1003 1050 1042 comitia
1079 1003 1252 1042 essent?
1314 1005 1379 1042 10.

77 1058 127 1098 Id
150 1058 339 1098 consules
359 1059 503 1099 ambos
522 1059 574 1098 ad
605 1060 835 1099 exercitum
856 1059 1056 1099 morando
1077 1061 1268 1112 quaesisse
1286 1075 1296 1107 ;
1336 1060 1380 1099 id

76 1119 234 1168 postea,
255 1117 355 1168 quia
374 1117 523 1156 invitis
543 1117 594 1155 iis
615 1117 797 1156 dictator
817 1120 925 1156 esset
951 1117 1089 1156 dictus
1110 1118 1377 1156 comitiorum

75 1178 213 1221 causa,
234 1177 521 1226 expugnatum
542 1187 642 1222 esse,
655 1178 704 1213 ut
724 1175 900 1213 vitiosus
917 1174 1099 1213 dictator
1114 1187 1188 1226 per
1202 1188 1381 1227 augures

77 1229 210 1270 fieret.
278 1233 342 1269 11.
375 1230 541 1270 Habere
575 1231 710 1283 igitur
744 1232 1044 1284 interregnum*
1066 1244 1148 1271 eos.
1209 1230 1382 1272 Consul-

73 1291 195 1326 atum
234 1300 367 1326 unum
409 1288 520 1327 certe
552 1287 686 1341 plebis
723 1287 921 1328 Romanae
956 1301 1058 1336 esse,
1093 1291 1137 1328 et
1176 1289 1382 1341 populum

74 1344 255 1384 liberum
286 1345 532 1384 habiturum
554 1359 601 1384 ac
623 1346 821 1384 daturum
842 1346 897 1395 ei,
917 1345 992 1397 qui
1013 1346 1178 1385 mature
1200 1346 1382 1391 vincere,

74 1415 202 1454 quam
222 1402 297 1442 diu
317 1403 537 1455 imperare,
558 1402 693 1442 malit.

480 1592 745 1633 CHAPTER
776 1592 957 1632 XXXV.

75 1680 110 1713 C.
128 1680 300 1712 Terentius
316 1680 450 1722 (Varro)
477 1681 571 1712 alone
591 1680 767 1721 appointed
792 1681 924 1712 Consul.
972 1680 1078 1712 Holds
1104 1680 1159 1711 the
1186 1680 1327 1712 Comitia
1348 1686 1383 1712 at

117 1723 223 1755 which
237 1723 285 1755 M.
302 1724 458 1755 AEmilius
473 1723 596 1755 Paulus
612 1724 640 1755 is
663 1724 778 1754 chosen
803 1734 838 1754 as
863 1723 916 1755 his
940 1723 1123 1764 Colleague.
1168 1723 1310 1755 Comitia
1332 1724 1383 1755 for

117 1767 173 1797 the
207 1766 343 1798 election
381 1767 418 1797 of
448 1767 599 1798 Praetors.
664 1767 720 1798 Μ’.
746 1767 944 1807 Pomponius
975 1766 1091 1798 Matho
1135 1766 1228 1797 made
1255 1767 1382 1798 Praetor

118 1809 291 1848 Urbanus;
313 1809 352 1841 P.
368 1809 486 1840 Furius
503 1809 628 1846 Philus,
650 1809 775 1840 Praetor
788 1809 1002 1850 Peregrinus;
1034 1810 1081 1840 M.
1110 1809 1267 1841 Claudius
1293 1810 1382 1840 Mar—

116 1852 226 1889 cellus,
242 1853 369 1884 Praetor
384 1853 436 1883 for
448 1852 567 1894 Sieily;
589 1852 625 1883 L.
648 1851 835 1883 Postumius
861 1852 1012 1889 Albinus,
1029 1852 1154 1883 Praetor
1168 1853 1220 1883 for
1243 1853 1378 1884 Gaul.—

115 1904 176 1927 n.c.
193 1896 265 1927 216.

164 1974 200 2012 1.
234 1971 361 2019 Quum
381 1972 447 2011 his
469 1972 728 2012 orationibus
759 1985 929 2012 accensa
955 1972 1073 2024 plebs
1095 1975 1217 2021 esset,
1240 1972 1377 2012 tribus

74 2030 264 2083 patriciis
294 2029 552 2082 petentibus,
582 2029 630 2068 P.
663 2028 854 2069 Cornelio
884 2029 1103 2079 Merenda,
1134 2029 1184 2069 L.
1217 2029 1380 2069 Manlio

75 2086 272 2136 Vulsone,
293 2086 354 2126 M.
377 2086 554 2126 AEmilio
574 2087 762 2139 Lepid03
805 2089 842 2126 2.
875 2086 1038 2126 duobus
1058 2086 1273 2126 nobilibus
1288 2087 1379 2139 jam

75 2143 333 2183 familiarum
368 2143 523 2196 plebei,
545 2143 592 2184 C.
615 2143 748 2183 Atilio
782 2143 957 2183 Serrano
977 2147 1022 2183 et
1043 2143 1091 2190 Q.
1113 2143 1228 2182 AElio
1249 2143 1381 2191 Paeto,

75 2214 254 2254 quorum
275 2201 382 2240 alter
412 2201 615 2254 pontifex,
636 2200 741 2240 alter
771 2213 903 2253 augur
934 2204 1051 2248 erat3
1094 2200 1138 2241 C.
1160 2201 1383 2240 Terentius

75 2258 219 2298 consul
255 2271 363 2298 unus
396 2262 573 2306 creatur,
598 2261 648 2297 ut
683 2259 727 2297 in
763 2271 892 2297 manu
923 2257 1013 2310 ejus
1041 2261 1180 2297 essent
1207 2259 1382 2297 comitia

75 2315 259 2369 rogando
293 2315 478 2368 collegae.
554 2318 592 2355 3.
639 2316 747 2354 Tum
783 2319 954 2368 experta
992 2315 1193 2355 nobilitas
1232 2317 1380 2368 parum

75 2373 203 2413 fuisse
243 2373 398 2412 virium
439 2373 483 2412 in
535 2373 881 2425 competitoribus
926 2371 1029 2425 ejus,
1071 2371 1119 2411 L.
1157 2372 1380 2412 AEmilium

76 2428 390 2483 Paulum—qui
412 2443 508 2469 cum
528 2429 590 2469 M.
606 2430 728 2469 Livio
745 2429 890 2469 consul
903 2430 1040 2469 fuerat
1056 2433 1100 2469 et
1112 2429 1380 2469 damnatione
