1621 2718
239 194 292 230 24
537 194 650 230 TI'I‘I
686 193 830 230 LIVII
867 195 1263 232 HISTORIARUM

239 304 507 343 communiit.
550 306 588 344 8.
621 304 726 343 Inde
747 317 957 343 sacrorum
978 309 1102 344 causa
1122 305 1300 344 Romam
1322 308 1555 355 revocatus,

239 373 324 399 non
345 362 522 412 imperio
543 362 683 409 modo,
705 362 774 400 sed
796 361 971 400 consilio
993 363 1124 400 etiam
1145 375 1193 401 ac
1213 363 1342 415 prope
1362 363 1555 415 precibus

239 431 367 470 agens
401 432 498 457 cum
533 419 736 471 magistro
771 419 977 470 equitum,
1012 423 1059 457 ut
1089 418 1184 470 plus
1216 419 1390 459 consilio
1427 421 1554 472 quam

240 476 420 515 fortunae
451 475 662 523 confidat3
706 478 743 514 9.
781 479 824 514 et
854 489 896 514 se
928 477 1070 527 potius
1091 476 1256 524 ducem,
1278 479 1406 528 quam
1437 477 1555 517 Sem-

240 534 436 585 pronium
477 533 838 584 Flaminiumque,
880 534 1101 580 imitetur3
1152 547 1204 573 ne
1255 534 1367 573 nihil
1411 538 1553 574 actum

239 594 428 629 censeret
449 593 637 629 extracta
658 591 786 642 prope
807 593 952 629 aestate
966 604 1039 643 per
1053 590 1390 630 ludificationem
1406 592 1554 631 hostis.

238 647 428 686 Medicos
451 660 615 699 quoque
646 647 739 699 plus
770 648 987 687 interdum
1019 649 1175 699 quiete,
1198 650 1327 701 quam
1348 649 1557 689 movendo

238 707 367 755 atque
388 705 563 757 agendo,
579 704 792 757 proficere.
849 708 912 745 10.
946 705 1074 745 Haud
1095 719 1268 758 parvam
1290 719 1379 746 rem
1399 719 1486 746 esse
1502 706 1558 746 ab

237 763 364 800 toties
387 763 546 801 victore
568 763 686 801 hoste
708 763 820 801 vinci
853 763 1019 812 desisse,
1042 767 1085 802 et
1106 764 1158 802 ab
1180 764 1391 803 continuis
1423 763 1554 803 cladi-

237 819 314 858 bus
356 819 725 872 respirasse—haec
756 822 1014 873 nequiquam
1057 822 1308 873 praemonito
1349 822 1554 875 magistro

236 877 668 928 equitum—Romam
690 880 753 916 est
774 879 998 930 profectus,

685 1059 951 1099 CHAPTER
982 1059 1104 1098 XIX.

236 1147 276 1179 In
293 1148 348 1178 the
365 1148 453 1188 early
471 1152 544 1189 part
559 1148 595 1179 of
615 1147 669 1179 the
693 1158 842 1185 summer,
860 1158 925 1178 war
949 1148 1062 1188 begins
1087 1147 1121 1178 in
1138 1147 1239 1188 Spain
1261 1148 1340 1179 both
1357 1148 1403 1189 by
1419 1159 1474 1179 sea
1490 1148 1557 1191 and

279 1192 366 1222 land.
415 1192 472 1223 Cn.
491 1191 598 1232 Scipio
614 1191 745 1222 obtains
761 1191 974 1222 information
992 1192 1066 1221 that
1081 1191 1136 1222 the
1161 1190 1396 1231 Carthaginian
1423 1193 1495 1223 fleet
1519 1193 1561 1224 of

279 1235 366 1275 forty
383 1235 473 1275 ships
490 1234 519 1266 is
535 1239 571 1266 at
586 1235 708 1265 anchor
724 1245 801 1265 near
819 1234 873 1265 the
890 1234 1005 1266 mouth
1023 1235 1059 1265 of
1080 1234 1135 1265 the
1148 1235 1273 1265 Iberus.
1318 1234 1410 1265 Falls
1427 1246 1514 1276 upon
1529 1236 1555 1267 it

279 1278 524 1319 unoxpeetedly.
571 1278 675 1309 Takes
691 1282 755 1309 two
771 1278 808 1309 of
828 1278 883 1309 the
899 1277 1037 1319 enemy’s
1055 1278 1148 1318 ships
1164 1277 1229 1308 and.
1245 1277 1336 1309 sinks
1360 1279 1559 1310 souin—Rc.

280 1323 352 1355 217.

327 1402 361 1439 1.
394 1400 617 1439 PRINCIPIO
631 1400 802 1447 aestatis,
810 1404 893 1451 qua
908 1399 997 1438 haec
1013 1399 1279 1452 gerebantur,
1288 1399 1333 1437 in
1348 1399 1555 1451 Hispani-5

233 1471 414 1510 quoque,
446 1462 558 1496 terra
589 1458 793 1509 marique,
826 1460 1011 1509 coeptum
1042 1456 1204 1496 bellum
1236 1459 1311 1496 est.
1375 1459 1413 1495 2.
1446 1457 1557 1497 Has-

233 1515 383 1554 drubal
405 1515 457 1554 ad
479 1528 576 1554 eum
596 1515 771 1553 navium
787 1528 1023 1562 numerum,
1038 1528 1164 1567 quem
1185 1528 1210 1553 a
1226 1515 1355 1553 fratre
1373 1515 1554 1554 instruc-

232 1576 325 1612 tum
349 1576 628 1625 paratumque
650 1575 882 1624 acceperat,
904 1572 1050 1611 decem
1073 1571 1258 1624 adjecit3
1302 1574 1340 1611 3.
1373 1571 1552 1624 quadra-

231 1631 352 1682 ginta
402 1631 576 1669 navium
617 1629 790 1669 classem
842 1630 1078 1669 Himilconi
1130 1629 1278 1679 tradit,
1321 1633 1450 1682 atque
1491 1631 1554 1670 ita

233 1687 490 1740 Carthagine
518 1688 730 1740 profectus
761 1688 938 1726 navibus
969 1700 1098 1740 prope
1131 1690 1286 1726 terram
1318 1688 1549 1728 exercitum

230 1745 277 1784 in
299 1745 425 1785 litore
453 1745 649 1793 ducebat,
672 1748 841 1797 paratus
873 1745 1111 1797 confligere,
1134 1750 1399 1798 quacumque
1431 1749 1551 1797 parte

230 1804 447 1855 copiarum
468 1804 602 1842 hostis
616 1804 874 1842 occurrisset.
934 1805 974 1842 4.
1008 1803 1081 1842 Cn.
1105 1802 1312 1855 Scipioni,
1327 1805 1552 1856 postquam-

231 1862 408 1900 movisse
438 1875 489 1900 ex
520 1861 708 1900 hibernis
741 1861 904 1899 hostem
935 1861 1114 1909 audivit,
1139 1860 1273 1913 primo
1305 1860 1420 1899 idem
1452 1873 1551 1900 con-

231 1918 316 1957 silii
339 1919 449 1965 fuit3
483 1918 635 1958 deinde
657 1919 798 1957 minus
820 1922 932 1958 terra
954 1923 1126 1971 propter
1148 1919 1369 1971 ingentem
1391 1918 1548 1957 famam

230 1990 436 2015 novorum
470 1976 725 2015 auxiliorum
760 1989 1006 2016 concurrere
1040 1989 1177 2024 ausus,
1210 1975 1374 2015 delecto
1407 1975 1549 2015 milite

229 2035 282 2074 ad
306 2048 431 2073 naves
454 2034 669 2086 imposito,
701 2035 890 2086 quinque
925 2037 969 2072 et
1000 2035 1180 2086 triginta
1211 2035 1387 2072 navium
1418 2033 1551 2072 classe

230 2094 291 2132 ire
314 2092 481 2131 obviam
514 2092 625 2131 hosti
657 2092 811 2144 pergit.
875 2093 913 2131 5.
947 2091 1091 2130 Altero
1124 2091 1176 2130 ab
1208 2091 1443 2130 Tarracone
1478 2091 1553 2131 die-

229 2151 281 2189 ad
305 2151 546 2198 stationem,
560 2150 707 2189 decem
729 2149 867 2188 millia
888 2163 1088 2201 passuum
1110 2149 1341 2188 distantem
1364 2148 1416 2188 ab
1439 2150 1547 2188 ostio

230 2209 344 2247 Iberi
359 2208 508 2255 amnis>
527 2207 732 2260 pervenit.
795 2207 900 2246 Inde
922 2207 1015 2247 duze
1029 2206 1360 2246 Massiliensium
1383 2207 1547 2259 specul-

229 2268 375 2305 atoriae
409 2267 635 2318 praemissae
682 2265 866 2304 retulere
903 2265 1075 2304 classem
1112 2264 1321 2304 Punicam
1358 2268 1468 2304 stare
1500 2265 1549 2303 in

229 2324 336 2363 ostio
370 2323 570 2372 fluminis,
593 2326 813 2375 castraque
835 2324 878 2362 in
900 2324 994 2375 ripa
1025 2323 1175 2375 posita.
1240 2323 1278 2362 6.
1314 2322 1464 2374 Itaque
1496 2326 1544 2361 ut

228 2381 474 2434 inprovidos
508 2382 785 2433 incautosque
822 2382 1018 2420 universo
1056 2380 1184 2419 simul
1219 2380 1351 2419 offuso
1383 2383 1543 2419 terrore

228 2440 500 2492 opprimeret,
524 2439 701 2478 sublatis
732 2440 896 2478 ancoris
918 2439 971 2478 ad
1000 2439 1164 2477 hostem
1188 2438 1320 2477 vadit.
1382 2436 1546 2476 Multas

227 2502 270 2536 et
302 2497 404 2536 locis
436 2496 534 2535 altis
566 2497 723 2549 positas
754 2500 889 2536 turres
923 2497 1129 2545 Hispania
1151 2496 1293 2542 habet,
1316 2495 1469 2547 quibus
1501 2502 1541 2533 et
