1621 2718
192 218 216 255 2
480 217 593 254 ΤΙΤΙ
631 216 772 254 LIVII
808 216 1205 256 HISTORIARUM

194 327 313 367 feriis
343 327 463 376 actis,
495 326 698 367 sacrificio
731 328 777 366 in
807 330 952 366 monte
982 327 1181 379 perfecto,
1203 329 1314 368 votis
1343 330 1426 369 rite
1455 330 1500 370 in

195 383 406 437 Capitolio
446 386 702 437 nuncupatis
742 398 884 424 secum
925 385 1058 432 ferre3
1105 387 1144 425 7.
1175 399 1254 425 nec
1286 387 1501 439 privatum

196 443 384 494 auspicia
414 443 547 494 sequi,
568 455 644 481 nec
676 443 765 481 sine
786 442 984 494 auspiciis
1005 443 1242 494 profectum
1262 444 1308 482 in
1329 450 1503 483 externo

196 513 245 539 ea
259 499 346 539 solo
360 512 469 539 nova
481 503 609 552 atque
626 500 793 551 integra
807 499 1023 551 concipere
1036 512 1166 551 posse.
1215 503 1253 539 8.
1276 501 1502 553 Augebant

196 559 360 596 metum
392 557 585 609 prodigia
615 570 666 595 ex
696 556 888 609 pluribus
919 556 1046 595 simul
1076 556 1179 596 locis
1199 558 1423 597 nuntiata:
1455 559 1502 598 in

199 612 349 654 Sicilia
370 614 581 653 militibus
603 614 768 666 aliquot
789 613 963 666 spicula,
986 615 1031 652 in
1053 613 1250 653 Sardinia
1279 619 1424 654 autem
1455 616 1502 654 in

197 683 318 710 muro
340 672 621 710 circumeunti
638 671 806 723 vigilias
820 672 954 723 equiti
972 671 1216 723 scipionem,
1230 685 1356 723 quem
1373 685 1502 711 manu

200 731 409 776 tenuerat,
431 729 591 777 arsisse,
611 732 654 768 et
675 729 801 767 litora
823 728 976 767 crebris
999 729 1170 781 ignibus
1185 728 1363 777 fulsisse,
1397 731 1435 769 9.
1458 733 1503 769 et

199 789 316 825 scuta
348 786 430 825 duo
462 786 665 838 sanguine
698 785 878 834 sudasse,
900 789 943 824 et
970 786 1130 825 milites
1163 786 1364 838 quosdam
1394 787 1502 826 ictos

198 843 464 891 fulminibus,
487 847 531 882 et
552 843 649 882 solis
683 843 824 882 orbem
860 844 997 881 minui
1028 844 1162 882 visum
1182 858 1192 890 ;
1224 847 1268 882 et
1288 843 1505 884 Praeneste

199 901 390 940 ardentes
423 900 584 952 lapides
618 901 721 939 coelo
756 900 979 946 cecidisse3
1021 904 1065 939 et
1101 901 1223 952 Arpis
1258 914 1424 953 parmas
1456 902 1502 940 in

199 957 303 996 coelo
339 958 461 1005 visas,
495 963 839 1010 pugnantemque
880 971 976 995 cum
1016 957 1117 996 luna
1157 958 1314 1005 solem3
1362 961 1426 997 10.
1459 962 1503 998 et

200 1014 376 1067 Capenae
408 1015 510 1054 duas
532 1016 719 1054 interdiu
751 1015 871 1053 lunas
907 1018 1017 1053 ortas
1035 1030 1046 1063 3
1084 1018 1127 1053 et
1167 1028 1294 1066 aquas
1325 1015 1502 1055 Caeretes

199 1073 403 1124 sanguine
444 1073 596 1110 mixtas
633 1072 813 1119 fluxisse,
854 1072 1099 1123 fontemque
1131 1072 1272 1123 ipsum
1307 1072 1504 1113 Herculis

199 1129 385 1168 cruentis
398 1128 586 1168 manasse
610 1142 797 1181 sparsum
819 1128 1020 1176 maculis3
1042 1133 1087 1168 et
1100 1129 1220 1167 Antii
1243 1130 1504 1169 metentibus

200 1190 393 1226 cruentas
425 1187 471 1225 in
507 1187 674 1225 corbem
709 1187 842 1238 spicas
875 1186 1098 1233 cecidisse3
1151 1188 1215 1225 11.
1248 1190 1292 1225 et
1324 1186 1505 1226 Faleriis

199 1244 353 1283 coelum
374 1243 480 1283 findi
494 1243 613 1283 velut
632 1257 786 1296 magno
808 1244 931 1282 hiatu
952 1244 1100 1291 visum,
1122 1245 1288 1296 quaque
1315 1245 1503 1296 patuerit

199 1302 345 1353 ingens
373 1301 517 1340 lumen
546 1301 774 1347 effulsisse3
806 1305 936 1340 sortes
968 1306 1043 1340 sua
1071 1305 1219 1353 sponte
1250 1305 1502 1351 attenuatas,

199 1372 411 1411 unamque
443 1359 645 1398 excidisse
670 1359 732 1397 ita
755 1359 969 1410 scriptam,
1006 1358 1186 1398 MAVORS
1218 1371 1356 1398 TELUM
1391 1371 1500 1399 SUUM

198 1428 418 1463 CONCUT1T3
477 1419 541 1455 12.
584 1419 628 1455 et
667 1429 740 1468 per
780 1416 895 1455 idem
935 1419 1102 1468 tempus
1142 1416 1288 1456 Romae
1334 1417 1501 1469 signum

197 1473 350 1514 Martis
381 1474 520 1526 Appia
554 1474 624 1513 vizi
656 1474 708 1512 ad
740 1473 963 1512 simulacra
995 1473 1192 1525 luporum
1229 1473 1419 1521 sudasse3
1460 1478 1500 1514 et

199 1531 352 1583 Capuae
392 1532 576 1584 speciem
612 1531 708 1570 coeli
749 1531 935 1570 ardentis
976 1531 1116 1579 fuisse,
1158 1530 1350 1582 lunaeque
1390 1533 1503 1571 inter

196 1589 377 1628 imbrem
399 1589 600 1628 cadentis.
651 1591 716 1628 13.
749 1588 855 1627 Inde
877 1588 1111 1627 minoribus
1129 1590 1261 1627 etiam
1275 1589 1394 1627 dictu
1408 1603 1502 1641 pro-

199 1646 239 1685 di
246 1647 328 1698 giis
351 1646 452 1685 fides
474 1646 638 1685 habita:
672 1659 814 1698 capras
836 1645 997 1685 lanatas
1011 1645 1263 1698 quibusdam
1280 1646 1436 1692 factas;
1459 1652 1500 1686 et

197 1703 404 1755 gallinam
424 1705 470 1742 in
491 1717 664 1752 marem,
687 1703 850 1756 gallum
878 1704 924 1742 in
949 1703 1167 1752 feminam,
1199 1717 1284 1743 sese
1312 1705 1499 1744 vertisse.

200 1763 264 1800 14.
299 1762 391 1809 His,
414 1762 524 1800 sicut
555 1764 676 1800 erant
705 1761 916 1808 nuntiata,
939 1761 1153 1812 expositis,
1175 1761 1502 1814 auctoribusque

195 1819 240 1857 in
270 1820 429 1858 curiam
466 1819 734 1868 introductis,
768 1818 909 1857 consul
941 1819 991 1857 de
1020 1818 1224 1870 religione
1245 1823 1383 1870 patres
1405 1832 1502 1858 con-

195 1876 339 1915 suluit.
396 1878 460 1916 15.
483 1877 726 1923 Decretum,
742 1879 791 1914 ut
811 1889 859 1915 ea
879 1876 1074 1928 prodigia
1096 1877 1254 1928 partim
1271 1876 1500 1928 majoribus

193 1934 356 1983 hostiis,
384 1935 542 1986 partim
563 1933 834 1980 lactentibus,
856 1937 1179 1985 procurarentur
1199 1947 1208 1979 3
1242 1936 1285 1972 et
1316 1934 1380 1972 uti
1403 1947 1502 1986 sup-

192 1991 368 2044 plicatio
400 2005 473 2044 per
504 1992 696 2030 triduum
732 1991 785 2030 ad
814 1992 955 2030 omnia
986 1990 1226 2043 pulvinaria
1247 1990 1499 2038 haberetur3

196 2049 260 2089 16.
295 2052 446 2097 cetera,
469 2063 601 2101 quum
633 2049 860 2088 decemviri
892 2048 1020 2088 libros
1052 2049 1344 2100 inspexissent,
1367 2052 1413 2087 ut
1440 2050 1499 2087 ita

191 2106 356 2154 fierent,
390 2120 517 2158 quem
550 2107 600 2146 ad
640 2106 814 2145 modum
851 2106 965 2145 cordi
994 2119 1079 2145 esse
1104 2106 1214 2145 divis
1241 2106 1498 2145 carminibus

192 2166 481 2217 praefarentur.
538 2165 602 2204 17.
636 2164 980 2203 Decemvirorum
1002 2164 1169 2202 monitu
1187 2163 1402 2202 decretum
1421 2168 1498 2206 est,

189 2222 216 2262 J
220 2223 286 2261 ovi
301 2223 487 2275 primum
497 2222 653 2261 donum
668 2222 829 2261 fulmen
846 2235 1020 2260 aureum
1035 2221 1173 2273 pondo
1188 2221 1497 2273 quinquaginta

190 2279 327 2327 fieret3
350 2280 377 2319 J
383 2280 511 2318 unoni
528 2280 816 2332 Minervaeque
832 2294 881 2319 ex
898 2283 1070 2331 argento
1089 2279 1196 2318 dona
1216 2279 1438 2321 darentur:
1454 2285 1493 2317 et

188 2337 347 2376 Juuoui
371 2339 528 2389 reginzo
550 2338 594 2376 in
616 2338 827 2376 Aventino
850 2337 1091 2389 Junonique
1115 2336 1293 2388 Sospitae
1316 2336 1498 2375 Lanuvii

188 2395 418 2447 majoribus
441 2396 589 2433 hostiis
615 2395 944 2436 sacrificaretur:
981 2400 1277 2446 matronaeque,
1316 2395 1496 2445 pecunia‘i

185 2453 354 2501 collata,
402 2455 465 2492 18.
489 2458 695 2505 quantum
711 2453 900 2491 conferre
916 2453 1069 2504 cuique
1092 2451 1359 2491 commodum
1376 2458 1497 2498 esset,

187 2511 343 2549 donum
367 2511 524 2549 ,Iunoni
552 2512 707 2560 regina*
731 2511 772 2548 iu
793 2511 1049 2548 Aventinum
1076 2511 1246 2556 ferrent,
1263 2508 1496 2548 lectistern-
