1621 2718
439 124 604 161 LIBER
639 124 776 162 XXII.
833 123 948 161 GAP.
979 123 1085 160 LIX.
1363 125 1415 163 69

201 236 238 273 1.
269 233 463 285 Namque
486 233 716 281 Hannibal,
738 232 968 273 secundum
990 236 1078 272 tam
1099 246 1338 285 prosperam
1360 234 1416 274 ad·

109 292 273 332 Cannas
293 303 495 343 pugnam,
512 291 684 329 victoris
705 291 854 343 magis,
877 292 1004 343 quam
1029 289 1190 329 bellum
1211 294 1411 343 gerentiS,

109 349 300 388 intentus
331 348 454 396 curis,
498 350 535 386 2.
567 361 714 399 quum,
755 348 934 399 captivis
967 347 1182 399 productis
1219 361 1412 399 segrega-

107 407 260 458 tisque,
283 405 429 452 socios,
452 405 562 443 sicut
592 406 689 444 ante
720 405 772 444 ad
806 405 1002 444 Trebiam
1035 405 1412 458 Trasimenumque

108 462 261 511 lacum,
284 463 467 514 benigne
497 461 714 501 adlocutus
737 463 825 501 sine
848 463 982 514 pretio
1011 462 1254 510 dimisisset,
1283 463 1390 503 Rom

108 533 208 559 anos
248 533 413 572 quoque
454 520 793 571 vocatos—quod
825 532 1055 571 numquam
1093 519 1196 558 alias
1226 523 1399 560 antea--

107 578 208 617 satis
228 578 327 616 miti
349 589 537 616 sermone
559 576 801 628 adloquitur
819 591 827 615 :
870 576 965 615 Non
987 577 1296 616 internecivum
1327 578 1408 618 sibi

109 647 196 674 esse
219 647 316 673 cum
337 634 538 673 Romanis
563 633 722 672 bellum
741 649 750 680 ;
773 634 823 672 de
845 634 1059 685 dignitate
1081 637 1207 685 atque
1230 635 1409 687 imperio

106 695 278 731 certare.
341 693 379 730 3.
412 691 470 729 Et
490 694 628 743 patres
650 691 801 729 virtuti
823 690 1022 730 Romanae
1043 692 1224 738 cessisse,
1241 695 1285 730 et
1306 706 1348 731 se
1365 694 1410 733 id

105 748 256 796 adniti,
279 751 328 787 ut
349 761 432 787 suae
453 748 498 786 in
520 748 655 787 vicem
685 748 811 787 simul
844 747 1044 787 felicitati
1066 751 1110 786 et
1132 749 1281 787 virtuti
1313 751 1410 790 ced-

105 810 213 845 atur.
264 809 303 845 4.
337 805 487 857 Itaque
507 805 744 844 redimendi
781 818 822 844 se
858 805 1038 857 captivis
1060 806 1225 857 copiam
1247 805 1409 847 facere:

106 864 289 916 pretium
321 863 408 902 fore
441 863 483 901 in
522 863 662 914 capita
698 863 833 915 equiti
869 863 1104 915 quingenos
1138 862 1415 917 quadrigatos.

99 919 311 967 nummos,
345 924 531 959 trecenos
564 921 715 971 pediti,
749 934 865 959 servo
900 924 1109 959 centenos.
1173 921 1212 959 5.
1252 920 1408 967 Quam-

103 991 231 1030 quam
252 977 517 1029 aliquantum
538 977 819 1029 adjiciebatur
833 977 1048 1029 equitibus
1065 978 1117 1016 ad
1139 978 1184 1016 id
1206 980 1406 1029 pretium,

101 1049 184 1087 quo
206 1036 455 1087 pepigerant
485 1035 686 1073 dedentes
719 1048 774 1081 se,
797 1034 885 1074 lzeti
920 1038 1061 1073 tamen
1097 1048 1406 1089 quamcumque

102 1093 388 1131 conditionem
405 1092 640 1143 paciscendi
657 1095 919 1144 acceperunt.
965 1093 1002 1131 6.
1026 1091 1193 1131 Placuit
1207 1092 1404 1146 suffragio

104 1150 289 1202 ipsorum
321 1150 466 1189 decem
487 1149 632 1201 deligi,
655 1150 727 1201 qui
760 1149 937 1188 Romam
967 1149 1019 1188 ad
1051 1153 1241 1189 senatmn
1278 1151 1403 1199 irent,

102 1221 177 1246 nec
200 1208 351 1260 pignus
372 1206 488 1245 aliud
512 1206 623 1253 fidei,
645 1220 771 1258 quam
802 1210 851 1246 ut
876 1206 1071 1258 jurarent
1105 1221 1146 1246 se
1183 1207 1410 1256 redituros,

98 1273 333 1317 acceptum.
368 1266 406 1303 7.
439 1263 592 1302 Missus
610 1277 706 1302 cum
722 1264 787 1302 his
803 1263 1013 1311 Carthalo,
1030 1264 1183 1303 nobilis
1198 1263 1409 1317 Carthag-¹

97 1322 288 1370 iniensis,
309 1322 397 1373 qui,
427 1322 460 1359 si
484 1322 592 1360 forte
614 1321 665 1359 ad
687 1334 832 1373 pacem
853 1321 1077 1360 inclinaret
1097 1322 1276 1370 animus,
1305 1336 1409 1361 con--

97 1379 280 1418 ditiones
301 1379 442 1417 ferret.
505 1380 543 1417 8.
577 1378 715 1425 Quum
745 1379 900 1430 egressi
932 1379 1078 1417 castris
1109 1382 1262 1429 essent,
1293 1393 1400 1419 unus

96 1451 146 1477 ex
174 1438 239 1486 iis,
270 1436 448 1475 minime
481 1435 660 1475 Romani
694 1436 855 1487 ingenii
889 1435 1029 1484 homo,
1066 1436 1199 1475 veluti
1235 1436 1399 1488 aliquid

96 1494 270 1543 oblitus,
297 1494 406 1547 juris
436 1493 611 1546 jurandi
648 1493 836 1532 solvendi
873 1498 995 1532 causa
1031 1506 1162 1545 quum
1195 1494 1240 1532 in
1266 1498 1400 1534 castra

96 1552 285 1599 redisset,
307 1554 406 1591 ante
426 1554 593 1590 noctem
611 1551 785 1589 comites
806 1551 1062 1601 adsequitur.
1098 1553 1135 1589 9.
1169 1551 1255 1591 Ubi
1272 1551 1407 1591 Rom-⁷

95 1622 163 1648 am
185 1610 328 1648 venire
350 1622 418 1648 eos
442 1609 689 1647 nuntiatmn
717 1612 792 1655 est,
818 1607 1062 1647 Carthaloni
1085 1608 1253 1647 obviam
1274 1608 1405 1648 lictor·

97 1667 264 1715 missus,
285 1667 359 1718 qui
381 1665 601 1705 dictatoris
622 1665 759 1703 verbis
780 1665 1010 1712 nuntiaret,
1032 1668 1082 1704 ut
1102 1668 1200 1704 ante
1231 1670 1402 1708 noctem

93 1723 312 1764 excederet
333 1722 487 1762 finibus
510 1722 721 1761 Romanis.

543 1902 618 1943 CH
625 1902 809 1941 APTER
842 1902 956 1942 LIX.

90 1992 157 2024 The
173 1992 339 2033 delegates
359 1991 397 2023 of
416 1992 471 2023 the
495 1991 658 2030 prisonem
675 1990 815 2030 brought
831 1990 939 2022 before
955 1991 1010 2023 the
1026 1991 1150 2024 Senate.
1196 1993 1244 2025 M.
1268 1993 1405 2031 Junius„

271 2046 331 2066 one
347 2035 384 2066 of
404 2034 489 2066 their
504 2035 649 2070 number,
667 2033 695 2065 is
711 2033 797 2065 their
812 2034 1122 2074 spokesman.—1³.c.
1140 2037 1212 2068 216.

181 2113 216 2151 1.
248 2111 430 2150 LEGA'rrs
461 2112 723 2162 captivorum
755 2113 922 2150 senatus
953 2111 1006 2150 ab
1037 2111 1244 2151 dictatore
1275 2113 1398 2153 datus

88 2172 164 2209 est.
227 2168 414 2216 Quorum
436 2168 630 2221 princeps
652 2167 713 2206 M.
736 2167 762 2206 J
766 2168 905 2215 unius,
924 2172 949 2191 ‘⁶
966 2167 1114 2208 Patres
1130 2170 1405 2222 conscripti?

85 2227 243 2279 inquit,
265 2229 430 2265 “nemo
461 2229 652 2264 nostrum
681 2225 850 2276 ignorat
880 2224 988 2264 nulli
1019 2238 1205 2278 unquam
1227 2228 1401 2268 civitati

87 2284 255 2324 viliores
273 2283 400 2322 fuisse
422 2283 622 2335 captivos,
650 2284 776 2334 quam
795 2286 975 2331 nostrae3
1018 2285 1056 2322 2.
1089 2285 1290 2334 ceterum,
1313 2286 1401 2324 nisi.

84 2341 206 2381 nobis
227 2341 322 2394 plus
351 2340 467 2391 justo
489 2343 630 2378 nost-ra
661 2339 801 2391 placet
832 2353 965 2388 causa,
987 2353 1071 2380 non
1102 2340 1178 2380 alii
1208 2355 1395 2394 unquam

83 2398 225 2438 minus
256 2397 500 2451 negligendi
523 2397 654 2445 vobis,
683 2398 810 2448 quam
842 2409 930 2445 nos,
960 2398 1005 2436 in
1035 2397 1223 2438 hostium
1254 2402 1402 2451 potes*
