1621 2718
199 197 256 231 44
489 194 602 230 ΤΙΤΙ
638 193 777 230 LIVII
814 192 1215 231 HISTORIARUM

202 303 400 355 colleagae
438 307 481 343 et
522 308 595 342 sua
634 303 763 355 prope
803 303 1018 342 ambustus
1059 303 1510 343 evaserat—infestum

206 360 359 413 plebei,
380 359 455 402 diu
474 374 522 400 ao
542 360 729 399 multum
749 363 1026 408 recusant-em,
1047 359 1100 398 ad
1121 360 1377 411 petitionem
1400 373 1514 399 com-

207 417 343 469 pellit.
420 419 460 456 4.
512 417 553 456 Is
593 417 783 468 proximo
824 415 1031 455 comitiali
1071 416 1152 463 die,
1189 417 1514 456 concedentibus

205 474 412 521 omnibus,
434 475 508 525 qui
544 487 640 512 cum
664 473 848 512 Varrone
883 475 1156 520 certaverant,
1188 486 1262 524 par
1298 474 1434 525 magis
1465 474 1512 513 in

206 531 523 579 adversandum,
545 532 672 582 quam
686 530 857 582 collega,
872 529 995 569 datur
1008 529 1182 568 consuli.
1219 531 1256 568 5.
1280 530 1385 569 Inde
1408 544 1513 582 prae-

206 591 347 626 torum
368 588 540 626 comitia
560 587 728 634 habita3
758 587 887 626 creati
907 587 980 625 Μ’.
1002 586 1259 638 Pomponius
1290 587 1438 626 Matho
1470 591 1514 626 et

207 644 255 683 P.
292 644 443 683 Furius
485 644 646 683 Philus.
708 644 854 683 Romae
881 643 970 696 juri
1007 643 1189 683 dicundo
1225 644 1384 683 urbana
1417 658 1516 693 sors,

206 700 455 752 Pomponio,
476 702 587 741 inter
608 702 718 740 cives
739 701 947 740 Romanos
978 709 1021 740 et
1052 702 1293 753 peregrinos
1315 701 1363 740 P.
1387 701 1516 740 Furio

206 758 332 797 Philo
365 759 519 798 evenit.
583 759 621 798 6.
668 758 817 797 Additi
852 758 934 797 duo
969 761 1180 810 praetores,
1217 758 1278 797 M.
1315 757 1513 798 Claudius

207 815 434 854 Marcellus
456 816 501 854 in
515 815 720 864 Siciliam,
733 816 781 854 L.
797 816 1041 855 Postumius
1058 815 1237 854 Albinus
1251 816 1298 854 in
1315 815 1516 855 Galliam.

209 872 249 912 7.
284 871 438 912 Omnes
474 872 665 912 absentes
698 874 828 912 creati
863 875 974 920 sunt,
1014 886 1091 911 nec
1133 873 1330 925 cuiquam
1371 886 1517 912 eorum

208 932 361 981 praeter
383 930 628 969 Terentium
649 929 863 969 consulem
884 929 1106 968 mandatus
1127 929 1271 978 honos,
1286 943 1412 981 quem
1433 943 1518 968 non

203 986 293 1038 jam
310 990 431 1026 antea
448 988 653 1039 gessisset,
668 987 892 1039 praeteritis
905 986 1067 1038 aliquot
1080 987 1260 1025 fortibus
1274 1000 1321 1026 ae
1338 988 1517 1026 strenuis

210 1044 325 1092 viris,
348 1044 447 1095 quia
468 1045 512 1082 in
533 1044 610 1083 tali
631 1047 819 1096 tempore
839 1043 947 1082 nulli
968 1056 1099 1082 novus
1112 1044 1385 1096 magistratus
1403 1043 1499 1082 vide

210 1100 334 1139 batur
355 1101 630 1140 mandandus.

617 1267 883 1308 CHAPTER
913 1267 1117 1306 XXXVI.

210 1357 278 1388 The
295 1357 421 1387 Roman
438 1358 540 1387 forces
557 1356 758 1396 augmented.
804 1355 974 1396 Prodigies
990 1355 1149 1396 reported.
1196 1355 1382 1387 Decemvirs
1398 1356 1520 1396 inspeet

259 1400 314 1430 the
331 1399 490 1440 Sibyllino
508 1400 616 1430 books.
662 1400 842 1439 Expiatory
863 1399 1026 1438 offerings.
1072 1399 1310 1430 Ambassadors
1334 1410 1421 1430 come
1436 1400 1520 1430 from

253 1443 395 1473 Paestum
407 1443 484 1473 with
503 1449 658 1483 presentS.
704 1443 770 1473 The
781 1442 1014 1473 Ambassadors
1024 1452 1079 1473 are
1090 1441 1244 1473 thanked.
1292 1442 1360 1473 The
1373 1447 1521 1483 presente

253 1496 307 1516 are
322 1485 584 1517 declined.—B.c.
607 1488 678 1516 216.

303 1566 338 1601 1.
371 1563 608 1602 Exssnmrfis
648 1576 812 1615 quoque
851 1562 1129 1614 multiplicati
1172 1565 1282 1602 sunt.
1345 1562 1521 1609 Quantae

211 1624 353 1659 autem
375 1622 505 1672 oopiae
527 1620 718 1672 peditum
741 1621 1020 1672 equitumque
1051 1619 1207 1659 additae
1229 1621 1329 1669 sint,
1352 1620 1454 1659 adeo
1477 1623 1520 1659 et

211 1691 385 1716 numero
421 1681 464 1716 et
499 1690 651 1729 genere
686 1678 901 1729 copiarum
935 1677 1100 1715 variant
1131 1680 1335 1726 auctores,
1366 1681 1415 1716 ut
1450 1678 1520 1716 vix

213 1735 438 1787 quiequam
459 1737 560 1773 satis
583 1738 747 1773 certum
768 1734 985 1773 adfirmare
1002 1747 1124 1773 ausus
1146 1734 1238 1772 sim.
1303 1736 1341 1773 2.
1364 1734 1520 1774 Decem

213 1792 351 1830 millia
372 1805 575 1831 novorum
596 1792 785 1830 militum
806 1791 879 1830 alii
903 1792 1059 1842 scripta
1080 1792 1125 1829 in
1147 1791 1519 1843 supplementum3

211 1850 286 1888 alii
318 1862 443 1888 novas
475 1853 654 1901 quatuor
688 1849 888 1901 legiones,
921 1851 970 1887 ut
1011 1852 1104 1887 octo
1146 1848 1384 1900 legionibus
1424 1861 1513 1895 rem

213 1910 431 1957 gererent3
476 1909 513 1945 3.
551 1919 723 1945 numero
749 1919 912 1957 quoque
931 1905 1124 1957 peditum
1141 1907 1417 1957 equitumque
1431 1905 1521 1957 leg-

213 1965 329 2002 iones
369 1967 526 2012 auetas,
559 1963 748 2001 millibus
779 1963 973 2014 peditum
1006 1967 1049 2001 et
1082 1963 1273 2001 centenis
1304 1963 1519 2014 equitibus

211 2021 258 2058 in
292 2020 476 2072 singulas
509 2020 699 2072 adjectis,
728 2024 777 2059 ut
805 2021 935 2071 quina
959 2019 1098 2058 millia
1130 2020 1338 2071 peditum,
1364 2020 1520 2059 treceni

211 2078 377 2129 equites
392 2082 528 2117 essent
542 2093 552 2125 3
576 2078 675 2116 socii
691 2077 902 2129 duplicem
918 2090 1137 2115 numerum
1152 2077 1345 2129 equitum
1359 2077 1520 2124 darent,

216 2135 377 2186 pedites
391 2143 615 2187 aequarent.
646 2138 685 2173 4.
719 2135 887 2186 Septem
904 2138 947 2173 et
969 2135 1186 2186 octoginta
1208 2133 1344 2172 millia
1364 2138 1521 2173 armat—

216 2205 335 2230 orum
351 2195 395 2231 et
414 2193 614 2231 ducentos
629 2193 671 2230 in
686 2193 832 2231 castris
843 2191 1056 2239 Romanis,
1068 2205 1199 2244 quum
1214 2195 1449 2243 pugnatum
1465 2191 1519 2230 ad

214 2248 375 2288 Cannas
394 2254 471 2296 est,
493 2250 665 2301 quidam
700 2252 889 2288 auctores
924 2253 1031 2287 sunt.
1095 2251 1132 2287 5.
1162 2248 1274 2287 Illud
1296 2249 1514 2299 haudqua-

213 2320 340 2358 quam
359 2306 580 2358 discrepat,
597 2306 751 2359 majore
768 2309 922 2345 conatu
937 2310 1063 2357 atque
1085 2307 1250 2358 impetu
1266 2319 1352 2344 rem
1367 2312 1519 2353 aetam,

214 2366 343 2415 quam
378 2364 587 2415 prioribus
622 2365 756 2412 annis,
785 2364 883 2416 quia
913 2377 1029 2415 spem
1063 2376 1178 2415 posse
1213 2363 1325 2401 vinci
1357 2363 1520 2401 hostem

213 2421 398 2460 dictator
418 2421 667 2473 praebuerat.

303 2479 340 2519 6.
374 2478 568 2519 Ceterum
594 2480 838 2531 priusquam
860 2478 979 2530 signa
999 2478 1052 2517 ab
1073 2478 1175 2517 urbe
1196 2490 1312 2517 novae
1329 2477 1519 2529 legiones
