1621 2718
405 184 574 222 LIBER
606 185 743 222 XXII.
801 185 916 223 CAP.
943 186 1145 226 XXVIIL
1381 189 1430 226 323

122 294 175 335 In
187 298 356 334 tantum
370 307 489 334 suam
502 294 751 334 felicitatem
766 295 1052 346 virtutemque
1070 296 1282 335 enituisse.
1317 296 1430 348 Ergo

118 356 402 404 sequuturum
433 365 475 391 se
500 351 712 391 fortunam
744 364 875 399 suam,
906 352 940 390 si
971 352 1154 392 dictator
1184 353 1227 391 in
1260 358 1428 392 cuncta-

120 409 240 449 tione
263 421 311 448 ac
325 409 519 462 segnitie,
532 408 706 448 deorum
721 409 1024 461 hominumque
1033 409 1198 462 judicio
1216 410 1428 456 damnata,

122 469 340 518 perstaret.
402 467 441 505 5.
473 465 624 518 Itaque
654 479 737 515 quo
772 466 840 505 die
874 466 1060 518 primum
1094 478 1334 519 congressus
1367 472 1425 505 est

119 536 221 562 cum
252 523 300 570 Q.
333 523 479 571 Fabio,
500 523 770 562 statuendum
803 524 993 562 omnium
1025 525 1210 576 primum
1238 525 1301 563 ait
1329 537 1427 571 esse,

119 593 249 633 quem
271 580 323 619 ad
344 580 517 620 modum
539 581 718 633 imperio
739 584 902 632 aequato
933 585 1129 620 utantur:
1175 582 1212 620 6.
1245 595 1286 621 se
1307 584 1428 635 optu-

121 649 241 677 mum
262 637 428 686 ducere,
448 642 522 676 aut
550 637 699 676 diebus
729 637 901 676 alternis
931 641 1021 686 aut,
1043 639 1076 676 si
1107 638 1265 690 majora
1296 639 1428 676 inter—

121 693 234 734 valla
263 693 491 746 placerent,
512 695 681 747 partitis
712 694 984 745 temporibus,
1013 694 1185 734 alterius
1217 708 1427 734 summum

115 753 194 808 jus
223 751 535 804 imperiumque
568 764 667 799 esse,
711 751 748 790 7.
780 756 829 790 ut
868 764 942 803 par
982 752 1093 790 hosti
1132 765 1213 791 non
1255 751 1428 791 consilio

121 808 274 856 solum,
315 809 384 848 sed
422 808 580 847 viribus
616 810 745 847 etiam
780 813 901 855 esset,
935 809 967 847 si
1005 822 1132 861 quam
1169 810 1426 848 occasionem

121 867 184 906 rei
205 865 397 918 gerendae
424 865 649 904 habuisset.
713 868 751 905 8.
784 865 832 912 Q.
864 865 996 905 Fabio
1029 866 1351 918 haudquaquam
1382 866 1425 905 id

121 922 312 976 placere:
352 923 493 962 omnia
523 923 637 962 enim
668 923 881 962 fortunam
911 923 1121 972 habitura,
1152 936 1425 975 quaecumque

80 1006 84 1010 ι
120 981 340 1020 temeritas
362 979 532 1032 eollegae
552 980 778 1019 habuisset.
839 980 930 1019 Sibi
952 982 1310 1020 communicatum
1331 994 1425 1020 cum

118 1037 219 1086 alio,
232 1050 316 1076 non
337 1037 583 1089 ademptum
604 1038 831 1089 imperium
848 1051 946 1076 esse.
1010 1039 1047 1077 9.
1080 1037 1230 1089 Itaque
1255 1051 1297 1076 se
1320 1050 1424 1076 nun-

120 1107 250 1146 quam
271 1094 485 1133 volentem
506 1098 640 1146 parte,
661 1099 745 1146 qua
765 1099 915 1147 posset,
930 1109 1068 1134 rerum
1086 1095 1260 1134 consilio
1281 1108 1425 1147 geren-

120 1151 270 1191 darum
293 1165 501 1190 cessurum
521 1166 530 1198 ς
562 1165 639 1190 nec
660 1165 701 1190 se
723 1155 912 1204 tempora
932 1158 1006 1191 aut
1028 1153 1116 1191 dies
1141 1153 1309 1204 imperii
1332 1165 1426 1190 cum

120 1222 186 1257 eo,
227 1209 460 1248 exercitum
500 1209 747 1256 divisurum,
782 1210 946 1261 suisque
987 1209 1186 1257 consiliis,
1227 1210 1426 1261 quoniam

121 1266 265 1305 omnia
296 1278 380 1305 non
415 1265 576 1314 liceret,
607 1279 699 1317 quae
733 1270 884 1318 posset,
921 1272 1196 1305 servaturum.
1262 1268 1326 1305 10.
1359 1266 1428 1305 Ita

119 1323 324 1372 obtinuit,
344 1326 393 1362 ut
424 1322 622 1375 legioneS‚
643 1324 752 1362 sicut
782 1323 1019 1362 consulibus
1050 1337 1138 1362 mos
1168 1326 1288 1371 esset,
1316 1324 1428 1362 inter

121 1392 165 1419 se
196 1380 446 1419 dividerent.
507 1380 652 1418 Prima
683 1384 726 1419 et
757 1385 907 1432 quarta
939 1381 1142 1427 Minucio,
1175 1380 1354 1419 secunda
1385 1386 1427 1419 et

120 1438 250 1476 tertia
271 1437 403 1476 Fabio
425 1441 680 1484 evenerunt;
722 1439 787 1476 11.
820 1439 925 1476 item
946 1440 1107 1490 equites
1128 1439 1219 1490 pari
1241 1451 1428 1485 numero,

121 1495 366 1547 sociumque
381 1498 424 1534 et
437 1495 581 1533 Latini
600 1495 782 1534 nominis
799 1495 969 1542 auxilia,
987 1496 1223 1534 diviserunt
1242 1509 1251 1541 ;
1283 1495 1430 1534 castris

121 1565 288 1604 quoque
308 1565 351 1591 se
373 1553 556 1604 separari
578 1553 779 1605 magister
801 1554 992 1604 equitum
1016 1552 1161 1591 voluit.

519 1729 785 1770 CHAPTER
827 1730 1037 1768 XXVIII.

126 1818 316 1851 Exultation
343 1818 379 1849 of
402 1817 579 1854 Hannibal,
608 1817 730 1858 arising
760 1818 867 1858 partly
898 1819 980 1849 from
1012 1818 1062 1848 his
1093 1817 1281 1857 knowledge
1309 1820 1346 1848 of
1376 1817 1431 1848 the

167 1861 320 1892 rashness
337 1862 373 1893 of
391 1861 565 1895 Minucius,
583 1860 645 1891 and
663 1861 769 1901 partly
786 1862 865 1891 from
884 1861 993 1900 seeing
1008 1861 1077 1891 that
1095 1861 1150 1891 the
1163 1860 1302 1891 division
1319 1862 1355 1891 of
1375 1860 1431 1891 the

167 1906 269 1945 Army
282 1904 389 1935 would
406 1905 445 1935 be
459 1914 480 1934 a
494 1914 590 1935 cause
606 1904 642 1934 of
661 1905 827 1935 weakness
843 1909 875 1935 to
891 1904 947 1934 the
972 1904 1126 1935 Romans.
1174 1903 1340 1934 Hannibal
1366 1912 1432 1934 sets

167 1947 372 1979 anambush.
418 1947 532 1978 Draws
557 1947 720 1978 Minucius
734 1947 802 1978 into
818 1957 859 1978 an
883 1953 1103 1987 engagement.
1160 1946 1326 1977 Minucius
1349 1946 1430 1977 hard

167 1990 414 2032 pressed.—13.c.
433 1993 505 2022 217.

216 2071 252 2107 l.
284 2067 459 2107 Duum
499 2067 596 2106 inde
638 2067 868 2106 Hannibali
908 2067 1110 2119 gaudium
1152 2066 1431 2118 fuit--neque

124 2126 241 2165 enim
277 2126 502 2177 quicquam
536 2138 695 2172 eorum,
731 2138 824 2176 quae
859 2124 971 2176 apud
1012 2125 1150 2163 hostes
1191 2128 1430 2176 agerentur,

123 2196 223 2222 eum
244 2182 430 2231 fallebat,
448 2187 490 2221 et
504 2182 689 2234 perfugis
710 2181 845 2220 multa
859 2181 1157 2229 indicantibus,
1179 2185 1223 2220 et
1243 2194 1317 2232 per
1338 2194 1430 2219 suos

124 2240 514 2292 explorantem—2.
546 2252 644 2277 nam
685 2243 727 2277 et
768 2238 945 2277 liberam
975 2238 1158 2277 Minucii
1192 2239 1431 2278 temeritat-

125 2311 195 2337 em
221 2310 262 2337 se
295 2310 367 2336 suo
392 2297 517 2336 modo
549 2300 816 2348 captaturum
847 2300 890 2335 et
911 2295 1108 2335 sollertiae
1129 2295 1253 2335 Fabii
1274 2295 1430 2334 dimid-

125 2355 216 2394 ium
238 2355 395 2393 virium
427 2354 658 2393 decessisse.
723 2356 760 2393 3.
793 2353 997 2392 Tumulus
1033 2358 1123 2392 erat
1156 2354 1267 2392 inter
1296 2357 1427 2392 casira

125 2411 310 2451 Minucii
349 2416 393 2451 et
433 2411 672 2450 Poenorum.
734 2410 867 2457 Quem
909 2411 979 2463 qui
1032 2410 1284 2463 occupasset,
1318 2410 1429 2448 haud

123 2469 254 2508 dubie
273 2469 527 2522 iniquiorem
556 2472 646 2507 erat
676 2469 788 2507 hosti
818 2468 955 2507 locum
988 2468 1185 2507 facturus.
1248 2471 1287 2506 4.
1322 2468 1432 2505 Eum
