1621 2718
173 186 222 224 52
456 183 569 221 TITI
608 183 748 220 LIVII
785 182 1179 220 HISTORIARUM

174 299 308 334 castra
329 294 578 346 diripienda.
639 296 678 331 4.
712 293 769 331 Et
799 293 942 331 consul
972 292 1079 332 alter
1109 292 1227 332 velut
1252 306 1360 332 unus
1392 296 1484 332 tur-

174 352 238 391 bae
250 352 448 390 militaris
462 359 551 390 erat
561 365 570 396 3
588 350 743 389 Paulus
758 351 886 388 etiam
896 353 1023 401 atque
1031 350 1161 389 etiam
1170 350 1306 389 dicere
1313 350 1483 402 provid-

175 409 331 448 endum
361 408 760 460 praecavendrunque
800 420 913 453 esse3
948 407 1171 458 postremo,
1192 421 1324 459 quum
1359 408 1483 446 aliter

175 479 311 518 neque
321 466 572 504 seditionem
582 478 717 515 neque
729 464 880 502 ducem
890 459 1107 502 seditionis
1118 465 1322 503 sustinere
1329 469 1481 516 posset,

177 523 363 561 Marium
398 522 617 561 Statilium
650 521 897 572 praefectum
930 534 1026 559 cum
1054 525 1196 560 turma
1216 521 1386 560 Lucana
1413 535 1484 560 ex-

175 580 388 631 ploratum
413 579 565 617 mittit.
629 580 666 617 5.
700 577 780 624 Qui
811 578 884 616 ubi
917 578 1181 629 adequitavit
1210 579 1356 630 portis,
1388 578 1484 617 sub-

176 638 322 675 sistere
345 639 461 674 extra
481 636 744 673 munimenta
765 636 913 673 ceteris
932 635 1072 686 jussis,
1093 636 1183 687 ipse
1205 649 1300 674 cum
1322 635 1484 675 duobus

179 693 392 745 equitibus
435 693 591 731 vallum
626 693 816 740 intravit,
857 692 1175 744 speculatusque
1216 693 1356 732 omnia
1388 706 1483 731 cum

179 755 276 789 cura
296 751 514 789 renuntiat
528 749 702 788 iusidias
720 750 905 801 profecto
927 763 1013 788 esse
1032 765 1040 788 ε
1090 750 1127 789 6.
1160 751 1278 802 ignes
1299 751 1342 788 in
1364 753 1484 802 parte

178 812 422 855 castrorum,
445 820 537 858 quae
558 811 703 858 vergat
724 807 776 845 ad
796 807 971 854 hostem,
992 807 1160 846 relictos
1178 822 1188 854 3
1216 807 1484 846 tabernacula

177 868 320 916 aperta
354 868 397 903 et
433 865 573 902 omnia
607 878 699 902 cara
739 864 784 902 in
818 867 1016 915 promptu
1050 864 1223 911 relicta3
1260 868 1483 916 argentum

176 921 427 973 quibusdam
468 921 569 959 locis
609 922 765 959 temere
806 934 879 972 per
909 922 996 959 vias
1032 921 1148 960 velut
1188 921 1399 973 objectum
1432 922 1484 960 ad

178 979 362 1030 praedam
394 979 557 1016 vidisse.
611 978 648 1017 7.
683 978 782 1024 Quae
815 978 867 1016 ad
898 978 1165 1017 deterrendos
1198 991 1222 1017 a
1250 979 1483 1030 cupiditate

177 1037 339 1073 animos
361 1037 558 1073 nuntiata
579 1038 712 1081 erant,
730 1048 777 1073 ea
793 1035 1086 1082 accenderunt,
1102 1038 1144 1074 et
1157 1035 1338 1075 clamore
1353 1039 1443 1074 orto
1460 1049 1484 1075 a

176 1092 400 1141 militibus,
431 1094 475 1130 ni
508 1094 675 1144 signum
705 1092 842 1141 detur,
864 1093 953 1130 sine
976 1092 1152 1131 ducibus
1184 1093 1331 1141 ituros,
1352 1093 1486 1131 haud-

176 1163 386 1201 quaquam
400 1150 484 1188 dux
504 1150 660 1188 defuit:
683 1163 782 1187 nam
799 1149 1008 1201 extemplo
1030 1149 1160 1189 Varro
1182 1150 1350 1202 signum
1364 1150 1483 1189 dedit

176 1207 478 1259 proficiscendi.
532 1210 570 1246 8.
604 1207 774 1254 Paulus,
796 1220 927 1258 quum
949 1207 987 1245 ei
1009 1212 1082 1246 sua
1104 1211 1250 1259 sponte
1267 1209 1482 1247 cunctanti

176 1264 283 1316 pulli
317 1278 483 1316 quoque
518 1265 702 1316 auspicio
739 1277 822 1303 non
863 1265 1132 1311 addixissent,
1168 1265 1356 1304 nuntiari
1390 1264 1482 1317 jam

175 1322 365 1361 efferenti
386 1326 507 1374 porta
529 1323 646 1374 signa
668 1321 838 1373 collegae
853 1321 994 1373 jussit.
1031 1324 1068 1360 9.
1092 1322 1212 1369 Quod
1228 1336 1479 1374 quamquam

174 1379 304 1418 Varro
336 1380 446 1431 aegre
482 1382 543 1418 est
584 1393 737 1431 passus,
771 1379 971 1417 Flaminii
1004 1382 1147 1418 tamen
1178 1393 1318 1418 recens
1352 1393 1487 1428 casus,

175 1436 421 1488 Claudiique
430 1437 608 1475 consulis
624 1437 761 1489 primo
772 1437 932 1475 Punico
949 1436 1058 1475 bello
1074 1440 1305 1475 memorata
1321 1437 1481 1476 navalis

174 1494 322 1543 clades,
343 1494 591 1545 religionem
613 1495 753 1532 animo
774 1494 962 1532 incussit.
1016 1496 1078 1532 10.
1112 1494 1166 1532 Di
1189 1507 1314 1546 prope
1335 1495 1414 1546 ipsi
1433 1509 1480 1533 eo

174 1551 241 1590 die
280 1552 415 1603 magis
455 1551 670 1600 distulere,
710 1553 837 1603 quam
882 1551 1146 1602 prohibuere,
1186 1552 1480 1591 imminentem

175 1612 333 1660 pestem
350 1608 563 1647 Romanis.
601 1609 711 1647 Nam
734 1609 840 1647 forte
860 1609 922 1646 ita
944 1610 1097 1656 evenit,
1113 1614 1173 1658 ut,
1187 1622 1317 1661 quum
1335 1610 1480 1648 referri

173 1666 292 1717 signa
327 1667 371 1705 in
409 1670 541 1705 castra
569 1665 741 1717 jubenti
774 1666 932 1705 consuli
964 1666 1123 1704 milites
1156 1679 1238 1705 non
1271 1673 1479 1718 parerent,

176 1725 241 1762 11.
275 1724 381 1762 servi
413 1723 508 1771 duo,
541 1724 757 1762 Formiani
800 1737 919 1771 unus,
951 1723 1055 1761 alter
1092 1723 1270 1763 Sidicini
1307 1725 1478 1776 equitis,

173 1781 260 1832 qui,
283 1780 460 1820 Servilio
493 1784 618 1832 atque
641 1781 773 1819 Atilio
795 1781 1047 1826 consulibus,
1070 1782 1183 1819 inter
1213 1781 1479 1833 pabulatores

175 1839 335 1889 excepti
381 1852 406 1877 a
445 1838 643 1877 Numidis
685 1839 862 1886 fuerant,
905 1838 1171 1890 profugerent
1218 1852 1264 1877 eo
1311 1839 1378 1877 die
1426 1840 1478 1878 ad

174 1895 389 1942 dominos3
432 1897 504 1947 qui
546 1896 718 1934 deducti
758 1896 811 1934 ad
843 1895 1028 1934 consules
1068 1896 1270 1935 nuntiant
1310 1910 1479 1937 omnem.

173 1954 402 1991 exercitum
424 1953 676 1991 Hannibalis
698 1957 812 1991 trans
834 1954 1043 2004 proximos
1075 1957 1238 1991 montes
1259 1953 1401 1992 sedere
1432 1955 1475 1992 in

175 2010 351 2048 insidiis.
405 2013 468 2049 12.
503 2010 668 2049 Horum
682 2014 942 2061 opportunus
961 2010 1164 2049 adventus
1186 2010 1376 2049 consules·
1398 2012 1480 2049 im-

176 2068 279 2118 perii
295 2071 488 2119 potentes
505 2067 620 2115 fecit,
635 2081 765 2119 quum
781 2067 959 2106 ambitio
975 2067 1147 2106 alterius
1162 2080 1276 2106 suam
1292 2069 1483 2120 primum

170 2125 282 2176 apud
304 2139 372 2164 eos
394 2130 520 2178 prava
541 2124 810 2177 indulgentia
832 2124 1095 2175 majestatem
1116 2124 1318 2164 solvisset.
