1621 2718
438 178 605 215 LIBER
641 177 775 214 XXII.
838 177 954 215 CAP.
983 177 1071 215 XL.
1354 180 1405 216 49

99 302 268 330 amnem
308 287 502 340 trajecit3
545 286 683 339 plures
717 287 829 326 fame
861 299 988 339 quam
1020 287 1128 326 ferro
1161 287 1404 340 absumpti;

99 360 177 387 nec
217 347 282 385 his
322 345 465 398 paucis
499 344 591 397 jam
632 345 767 383 victus
808 344 1061 396 suppeditat.
1128 346 1192 384 15.
1225 345 1404 383 Dubitas

100 417 213 456 ergo,
234 403 337 456 quin
365 402 544 442 sedendo
573 402 809 453 superaturi
831 402 960 440 simus
981 415 1091 450 eum,
1113 403 1187 453 qui
1219 406 1402 441 senescat

101 462 147 500 in
188 460 312 500 dies?
362 472 446 499 non
487 461 759 507 commeatus,
799 471 883 497 non
925 459 1279 511 supplementum,
1321 472 1402 498 non

102 519 326 571 pecuniam
346 516 531 556 habeat?
578 518 640 555 lb’.
675 516 809 562 Quam
830 516 905 555 diu
925 529 999 568 pro
1032 515 1219 565 Geronii,
1242 516 1401 555 castelli

102 575 267 627 Apuliae
302 575 453 626 inopis,
490 578 707 625 tamquam
747 586 820 625 pro
863 572 1128 624 Carthaginis
1168 572 1404 613 moenibus!

108 633 172 673 17.
205 631 287 672 Sed
301 645 353 670 ne
365 631 560 671 adversus
574 635 617 669 te
634 630 806 682 quidem
827 643 905 682 ego
925 630 1146 680 gloriabor.
1185 630 1260 670 Cn.
1283 630 1406 670 Serv-

103 690 202 729 ilius
237 692 364 741 atque
399 687 569 735 Atilius,
606 687 786 739 proximi
822 687 1022 735 consules,
1048 688 1157 735 vide,
1194 701 1322 740 quem
1352 688 1406 726 ad

102 747 276 786 modum
297 759 395 785 eum
416 744 624 784 ludificati
656 745 754 782 sint.
816 744 919 783 Haec
949 758 1032 782 una
1064 744 1210 783 salutis
1240 748 1304 783 est
1324 745 1406 794 via,

104 804 152 843 L.
176 803 320 852 Paule,
333 815 461 855 quam
482 801 698 841 difficilem
719 801 999 852 infestamque
1021 802 1131 840 cives
1153 801 1235 840 tibi
1256 802 1406 853 magis,

103 863 232 914 quam
253 861 405 909 hostes,
427 860 595 899 facient.
661 861 724 898 18.
759 859 879 897 Idem
900 859 1014 897 enim
1042 859 1121 907 tui,
1151 859 1262 911 quod
1295 859 1408 898 host-

40 968 44 971 ·
104 920 195 958 ium
231 917 404 965 milites,
446 916 614 963 volent3
659 916 773 955 idem
816 915 957 964 Varro,
995 916 1140 954 consul
1180 916 1408 963 Romanus,

105 976 218 1028 quod
259 974 490 1022 Hannibal,
531 974 686 1013 Poenus
735 974 976 1025 imperator,
1018 974 1176 1025 cupiet.
1237 973 1410 1012 Duobus

107 1033 282 1073 ducibus
303 1045 410 1072 unus
440 1032 606 1070 resistas
638 1035 815 1083 oportet.
877 1030 1060 1070 Resistes
1087 1034 1244 1079 autem,
1265 1031 1411 1069 adver-

107 1104 174 1130 sus
195 1091 350 1129 famam
373 1102 641 1140 rumoresque
655 1089 875 1127 hominum
892 1088 925 1126 si
940 1089 1040 1127 satis
1057 1087 1201 1126 firmus
1218 1088 1381 1127 steteris
1399 1102 1410 1135 ς

107 1149 142 1188 si
163 1152 206 1187 te
226 1161 362 1199 neque
384 1146 554 1198 collegae
575 1159 680 1185 vana
696 1146 843 1198 gloria,
857 1157 992 1197 neque
1012 1148 1087 1184 tua
1102 1145 1204 1184 falsa
1221 1145 1411 1193 infamia,

107 1206 300 1245 moverit.
367 1206 431 1243 19.
464 1203 698 1243 Veritatem
739 1203 924 1241 laborare
963 1203 1092 1241 nimis
1133 1215 1239 1254 saepe
1279 1203 1412 1250 aiunt,

108 1262 320 1315 exstingui
370 1274 628 1313 numquam:
679 1260 858 1312 gloriam
899 1260 972 1312 qui
1014 1261 1231 1311 spreverit,
1272 1272 1411 1298 veram

108 1320 295 1359 habebit.
358 1321 425 1358 20.
457 1318 571 1365 Sine,
607 1317 805 1357 timidum
847 1330 921 1368 pro
962 1320 1099 1366 cauto,
1135 1316 1303 1355 tardum
1339 1329 1414 1368 pro

110 1377 380 1425 considerato,
414 1375 614 1415 inbellem
651 1388 724 1427 pro
756 1375 894 1427 perito
929 1373 1030 1413 belli
1057 1376 1222 1413 vocent.
1285 1373 1413 1422 Malo,

109 1439 153 1474 te
188 1435 352 1486 sapiens
388 1433 519 1472 hostis
554 1435 730 1481 metuat,
767 1433 893 1484 quam
926 1431 1049 1471 stulti
1082 1432 1192 1470 cives
1227 1430 1414 1470 laudent.

112 1492 265 1532 Omnia
300 1490 525 1530 audentem
567 1492 807 1529 contemnet
843 1488 1073 1538 Hannibal,
1109 1488 1218 1527 nihil
1258 1491 1416 1527 temere

112 1553 309 1602 agentem
323 1551 499 1587 metuet.
563 1549 629 1586 21.
661 1546 701 1585 N
703 1560 749 1586 ec
765 1559 855 1599 egO,
873 1550 921 1585 ut
937 1546 1046 1585 nihil
1060 1549 1224 1598 agatur,
1239 1559 1389 1585 moneo
1406 1559 1417 1592 ;

112 1607 184 1645 sed
198 1609 247 1645 ut
267 1610 466 1658 agentem
486 1608 529 1644 te
550 1604 657 1644 ratio
674 1604 814 1652 ducat,
835 1616 919 1642 non
936 1604 1105 1642 fortuna
1122 1617 1132 1650 ;
1158 1607 1244 1642 tuae
1258 1606 1417 1654 potest-

112 1666 194 1703 atis
216 1676 376 1715 semper
400 1666 450 1701 tu
477 1666 632 1713 tuaque
653 1662 794 1700 omnia
821 1661 920 1708 sint,
936 1663 1121 1699 armatus
1145 1660 1422 1711 intentusque

114 1721 184 1768 sis,
206 1733 341 1772 neque
363 1719 571 1758 occasioni
602 1722 686 1758 tuae
713 1718 821 1757 desis
846 1731 980 1770 neque
1009 1731 1127 1756 suam
1159 1718 1418 1756 occasionem

114 1778 224 1817 hosti
254 1778 338 1816 des.
401 1778 469 1815 22.
501 1775 656 1815 Omnia
687 1788 771 1814 non
806 1775 1049 1827 properanti
1083 1773 1195 1814 clara
1226 1777 1423 1827 certaque

115 1840 253 1883 erunt,
276 1834 490 1873 festinatio
512 1832 733 1885 inprovida
755 1838 818 1872 est
837 1836 881 1872 et
901 1831 1046 1872 caeca.”

571 2012 835 2053 CHAPTER
878 2012 970 2051 XL.

117 2103 224 2144 Reply
250 2103 286 2134 of
305 2102 427 2134 Paulus
451 2107 485 2133 to
501 2101 539 2136 Q.
565 2101 687 2132 Fabius
711 2100 885 2132 Maximus.
943 2101 1011 2132 The
1037 2100 1176 2132 Consule
1196 2105 1246 2131 set
1269 2104 1326 2131 out
1341 2100 1424 2132 from

162 2146 210 2177 Ra·
206 2157 272 2177 ·me
320 2145 369 2176 On
386 2144 472 2176 their
487 2154 581 2175 arnv
582 2144 604 2175 11
620 2149 655 2174 at
680 2143 733 2175 the
756 2146 857 2184 Army
872 2149 936 2175 two
951 2144 1071 2184 Camps
1098 2154 1152 2174 are
1176 2143 1312 2174 formed.
1358 2143 1424 2173 Tho

160 2187 298 2221 consuls
313 2198 369 2219 aro
384 2187 418 2218 in
435 2187 491 2218 the
506 2187 622 2227 larger.
667 2186 823 2218 Geminus
843 2185 1024 2218 Servilius
1017 2197 1044 2217 is
1060 2185 1173 2227 placed
1196 2185 1231 2217 ir»
1255 2185 1425 2218 command

161 2232 196 2264 in
213 2232 268 2263 the
282 2231 423 2262 smaller.
469 2230 516 2262 M.
533 2229 655 2261 Atilius
679 2234 751 2261 sent
767 2229 868 2260 home.
924 2229 1093 2260 Hannibal
1114 2228 1250 2261 reduced
1275 2234 1309 2260 to
1333 2233 1426 2270 great

161 2274 275 2306 straits
291 2274 375 2306 from
391 2277 478 2305 want
493 2273 530 2304 of
548 2273 693 2314 supplies
708 2273 744 2303 of
764 2272 848 2304 food.
856 2282 958 2304 —13.c.
977 2274 1048 2304 216.

211 2355 247 2392 1.
279 2353 497 2392 ADVERSUS
516 2365 565 2391 ea
585 2351 719 2391 oratio
748 2350 930 2390 consulis
961 2351 1073 2390 haud
1094 2351 1190 2390 sane
1210 2350 1308 2390 laeta
1327 2349 1427 2398 fuit,

119 2411 256 2463 magis
277 2409 451 2449 fatentis
471 2422 534 2455 ea,
555 2422 647 2461 quae
667 2407 839 2456 diceret,
858 2421 966 2455 vera,
983 2422 1111 2462 quam
1131 2407 1274 2448 facilia
1294 2408 1424 2457 factu,

120 2481 222 2508 esse.
285 2469 322 2506 2.
355 2467 563 2506 Dictatori
595 2467 846 2519 magistrum
878 2467 1071 2518 equitum
1112 2465 1424 2505 intolerabilem

772 2535 797 2562 1>
