1621 2718
224 161 270 198 72
515 161 629 198 TITI
666 161 805 197 LIVII
844 160 1237 198 HISTORIARUM

221 271 370 309 tentiis
404 271 649 320 variaretur,
680 273 724 309 et
758 271 832 309 alii
864 270 1131 310 redimendos
1164 271 1216 309 de
1251 270 1433 323 publico,
1455 271 1531 311 alii

221 328 383 366 nullam
411 328 578 380 publice
610 328 829 380 inpensam
864 328 1114 377 faciendam,
1137 341 1214 367 nec
1249 327 1535 379 prohibendos

221 398 271 424 ex
292 387 456 437 privato
478 385 631 424 redimi
651 399 660 432 3
694 387 733 423 4.
767 385 800 423 si
821 385 973 436 quibus
993 388 1217 436 argentum
1237 385 1281 423 in
1303 386 1530 437 praesentia

224 443 398 491 deesset,
422 442 604 481 dandam
637 455 686 480 ex
717 442 862 481 aerario
892 443 1115 494 pecuniam
1145 445 1352 490 mutuam,
1380 443 1532 494 praedi-

221 499 380 550 busque
402 513 450 537 ac
470 499 639 550 praediis
660 499 892 538 cavendum
908 499 1077 551 populo,
1101 502 1339 546 censerent3
1365 501 1403 538 5.
1435 504 1530 538 tmn

221 556 268 594 T.
294 557 479 594 Manlius
501 557 750 608 Torquatus,
772 557 917 608 priscae
938 570 985 594 ac
1015 556 1142 594 nimis
1164 556 1292 605 durae,
1314 559 1364 594 ut
1384 556 1538 608 pleris-

221 627 302 664 que
334 613 528 652 videatur
569 615 818 662 severitatis,
850 615 1133 665 interrogatus
1175 614 1430 652 sententiam
1470 615 1532 653 ita

221 670 420 722 loquutus
466 671 612 710 fertm.
688 671 726 710 6.
773 674 799 694 “
817 670 862 710 Si
902 670 1199 710 tantummodo
1249 670 1532 722 postulassent

221 727 352 779 legati
373 741 447 780 pro
468 728 536 777 iis,
558 729 631 780 qui
660 729 703 766 in
725 729 913 767 hostium
939 731 1149 780 potestate
1181 731 1292 777 sunt,
1314 731 1364 767 ut
1376 729 1532 767 redim-

222 788 405 834 erentur,
439 786 527 824 sine
559 785 688 824 ullius
719 786 1000 824 insectatione
1032 799 1178 825 eorum
1210 785 1330 825 brevi
1364 790 1535 825 senten-

223 843 330 881 tiam
351 843 633 895 peregissem:
678 844 716 883 7.
749 843 852 895 quid
869 843 983 881 enim
997 843 1113 882 aliud
1127 844 1256 895 quam
1273 843 1529 882 admonendi

222 901 382 946 essetis,
415 904 465 938 ut
500 914 662 939 morem
695 901 901 939 traditum
935 914 958 938 a
992 901 1183 951 patribus
1215 901 1446 939 necessario
1477 900 1533 940 ad

221 970 311 995 rem
333 957 566 995 militarem
588 957 778 1009 exemplo
801 958 1033 996 servaretis.
1081 957 1206 995 Nunc
1227 960 1384 1006 autem,
1398 971 1532 1010 quum

221 1027 350 1066 prope
379 1014 554 1065 gloriati
586 1015 684 1063 sint,
707 1015 818 1066 quod
851 1028 892 1053 se
924 1014 1116 1053 hostibus
1147 1015 1405 1062 dediderint,
1426 1028 1532 1067 prae-

222 1072 408 1123 ferrique
430 1085 514 1110 non
537 1073 673 1124 captis
694 1072 818 1110 modo
840 1073 886 1110 in
907 1073 996 1111 acie
1017 1072 1071 1111 ab
1091 1072 1296 1120 hostibus,
1312 1072 1383 1111 sed
1399 1073 1532 1112 etiam

220 1129 286 1176 iis,
308 1130 383 1180 qui
405 1129 635 1169 Venusiam
658 1128 971 1181 Canusiumque
993 1133 1290 1181 pervenerunt,
1304 1132 1431 1182 atque
1448 1130 1530 1182 ipsi

221 1186 264 1225 C.
287 1187 487 1226 Terentio
510 1186 686 1236 consuli,
701 1200 869 1239 aequum
889 1187 1142 1235 censuerint,
1157 1186 1267 1226 nihil
1284 1200 1354 1225 vos
1370 1201 1530 1236 eorum,

219 1247 359 1295 patres
381 1245 624 1296 conscripti,
646 1258 740 1296 quae
770 1244 862 1283 11110
893 1247 986 1282 acta
1018 1247 1128 1293 sunt,
1152 1245 1347 1296 ignorare
1376 1246 1528 1296 patiar.

221 1303 258 1340 8.
293 1302 432 1353 Atque
472 1302 640 1341 utinam
680 1302 782 1349 haec,
824 1315 916 1353 quae
957 1301 1069 1353 apud
1101 1315 1173 1340 vos
1213 1305 1381 1340 acturus
1422 1316 1530 1351 sum,

220 1359 389 1398 Canusii
406 1359 519 1411 apud
535 1360 676 1411 ipsum
693 1360 925 1398 exercitum
942 1372 1125 1411 agerem,
1144 1360 1356 1411 optimum
1373 1363 1528 1399 testem

218 1417 401 1468 ignaviae
441 1416 643 1469 cujusque
684 1420 729 1455 et
768 1417 968 1464 virtutis3
1015 1419 1091 1455 aut
1126 1429 1234 1455 unus
1269 1417 1338 1455 hic
1379 1417 1529 1456 saltem

218 1475 382 1513 adesset
414 1474 461 1513 P.
496 1474 782 1526 Sempronius,
817 1488 944 1526 quem
986 1474 1020 1513 si
1060 1474 1133 1512 isti
1172 1474 1322 1513 ducem
1358 1476 1527 1526 sequuti

218 1535 370 1580 essent,
393 1532 553 1570 milites
586 1532 712 1570 hodie
748 1533 794 1570 in
826 1532 973 1570 castris
1010 1531 1223 1580 Romanis,
1245 1545 1329 1570 non
1366 1533 1526 1584 captivi

217 1589 262 1627 in
314 1589 501 1628 hostium
552 1592 761 1641 potestate
812 1592 961 1628 essent.
1026 1590 1063 1627 9.
1097 1588 1180 1628 Sed
1220 1602 1366 1641 quum,
1403 1590 1527 1629 'fessis

218 1647 445 1698 pugnando
476 1647 680 1694 hostibus,
702 1650 795 1686 tum
816 1647 994 1685 victoria
1026 1646 1147 1694 laetis,
1171 1649 1215 1685 et
1245 1647 1347 1698 ipsis
1378 1646 1528 1698 pleris-

217 1717 298 1755 que
330 1705 526 1756 regressis
561 1705 607 1743 in
643 1708 778 1743 castra
813 1717 900 1751 sua,
928 1707 1097 1743 noctem
1131 1703 1182 1742 ad
1219 1705 1525 1756 erumpendum

217 1761 395 1801 liberam
412 1762 672 1809 habuissent,
688 1766 731 1801 et
748 1765 908 1814 septem
929 1761 1067 1800 millia
1088 1763 1346 1800 armatorum
1360 1762 1533 1800 homin-⁷

218 1832 289 1858 um
322 1833 591 1871 perrumpere
624 1820 755 1859 etiam
784 1819 991 1858 confertos
1023 1819 1162 1857 hostes
1185 1822 1365 1870 possent,
1388 1832 1529 1871 nequer

219 1889 290 1929 per
326 1891 367 1916 se
404 1878 485 1929 ipsi
522 1877 563 1916 id
600 1877 735 1916 facere
770 1877 909 1916 conati
947 1881 1045 1915 sunt
1075 1889 1211 1927 neque
1242 1876 1374 1915 alium
1406 1878 1524 1928 sequi

216 1934 454 1973 voluerunt.
501 1937 563 1973 10.
592 1934 727 1974 Nocte
749 1948 877 1987 prope
899 1937 992 1973 tota
1012 1934 1060 1972 P.
1079 1933 1351 1985 Sempronius
1373 1934 1526 1973 Tudit-

216 2005 318 2031 anus
348 2005 432 2030 non
465 1992 635 2031 destitit
655 2005 838 2039 monere,
861 1992 1075 2030 adhortari
1105 2004 1185 2038 eos,
1208 1991 1310 2029 dum
1331 1992 1529 2043 paucitas

215 2050 403 2088 hostium
440 2050 550 2088 circa
585 2052 733 2097 castra,
769 2049 871 2088 dum
908 2049 1025 2100 quies
1061 2062 1108 2086 ac
1146 2048 1378 2096 silentium,
1401 2053 1523 2097 esset,

215 2108 316 2146 dum
337 2120 419 2145 nox
450 2108 665 2159 inceptum
698 2110 839 2159 tegere
870 2114 1024 2158 posset,
1047 2118 1088 2144 se
1120 2105 1269 2144 ducem
1301 2119 1529 2158 sequeren-

214 2168 308 2204 tur:
341 2167 440 2204 ante
476 2164 614 2203 lucem
647 2164 864 2216 pervenire
895 2164 939 2202 in
972 2168 1066 2202 tuta
1097 2163 1202 2208 loca,
1234 2164 1278 2201 in
1316 2164 1523 2202 sociorum

214 2223 336 2261 urbes
368 2236 499 2275 posse.
566 2224 630 2261 11.
664 2222 784 2261 Sicut
818 2234 990 2260 avorum
1032 2221 1238 2260 memori-5.
1278 2220 1326 2259 P.
1368 2221 1526 2260 Decius

212 2280 408 2319 tribunus
439 2280 628 2319 militum
650 2280 695 2318 in
718 2279 915 2325 Samnio3
948 2279 1070 2326 sicut,
1094 2278 1214 2317 nobis
1245 2277 1528 2317 adolescenti--

212 2336 302 2385 bus,
325 2338 464 2389 priore
487 2337 647 2377 Punico
671 2337 780 2376 bello
813 2336 1066 2388 Calfuunius
1098 2335 1292 2374 Flamma
1322 2337 1527 2374 trecentis-

212 2395 477 2442 voluntariis,
498 2408 630 2447 quum
663 2395 715 2433 ad
752 2394 964 2433 tumulum
1000 2407 1068 2432 eos
1100 2393 1353 2444 capiendum
1390 2394 1520 2431 situm

212 2453 323 2492 inter
345 2453 507 2491 medios
528 2452 700 2492 duceret
722 2452 873 2498 hostes,
889 2452 1022 2490 dixit:
1057 2449 1323 2499 Μονίαυιῑιν,
1345 2448 1528 2499 milites,
