1621 2718
454 175 621 212 LIBER
655 175 792 212 XXII.
849 175 963 213 CAP.
993 175 1149 212 XLIII.
1405 175 1453 212 53

566 316 831 357 CHAPTER
862 317 1027 356 XLIII.

143 405 312 437 Hannibal
330 411 458 436 returns
475 410 508 435 to
524 404 576 435 his
594 415 695 445 camp.
741 405 878 436 Pressed
891 406 934 446 by
945 405 996 436 his
1012 411 1121 446 troops
1132 405 1183 436 for
1198 416 1270 446 pay,
1283 404 1347 436 and
1359 405 1455 445 being

188 449 220 480 in
248 453 340 488 great
366 453 454 478 want
478 448 515 478 of
534 447 688 489 supplies,
717 454 854 479 retrcats
880 448 944 479 and
965 449 1056 479 takes
1083 459 1125 489 up
1148 458 1188 479 an
1214 448 1455 488 advantagcous

188 492 327 532 position
346 501 423 522 near
438 490 674 522 Cannae—nc.
693 493 764 523 216.

238 571 272 607 1.
320 567 542 607 HANNIBAL
586 571 808 620 postquam
859 572 994 607 motos
1039 569 1173 620 magis
1217 567 1454 607 inconsulte

147 626 369 673 Romanos,
378 638 505 677 quam
521 625 573 663 ad
589 624 790 663 ultimum
808 626 965 664 temere
983 630 1160 674 evectos,
1170 625 1292 675 vidit,
1306 625 1455 677 nequi-

147 696 288 736 quam,
305 682 471 721 detecta
491 681 650 729 fraudo,
668 683 712 720 in
730 686 864 720 castra
881 682 1021 721 rediit.
1067 685 1104 721 2.
1128 683 1196 721 Ibi
1213 682 1351 734 plures
1365 682 1454 721 dies

144 745 317 794 propter
337 739 523 791 inopiam
544 739 744 777 frumenti
767 752 936 778 manere
958 740 1119 791 nequit,
1141 753 1331 792 novaque
1359 752 1449 778 con—

147 797 241 837 silia
262 797 306 836 in
327 796 417 835 dies
445 809 528 835 non
556 796 668 848 apud
698 796 857 835 milites
894 796 1028 835 solsirn
1062 798 1214 835 mixtos
1242 810 1291 835 ex
1324 796 1456 835 collu-

149 855 271 894 vione
293 855 481 893 omnium
502 853 709 906 gentium,
741 854 812 893 sed
849 854 976 892 etiam
1006 854 1118 906 apud
1148 854 1295 893 ducem
1316 854 1455 906 ipsum

148 912 401 951 oriebantur.
479 913 517 950 3.
561 910 670 949 Nam
711 924 843 963 quum
883 912 1008 950 initio
1055 911 1260 959 fremitus,
1303 911 1456 950 deinde

145 973 293 1022 aperta
313 968 569 1015 vociferatio,
587 968 736 1007 suisset
766 969 1079 1020 exposcentium
1104 968 1363 1020 stipendium
1385 969 1456 1006 de-

152 1025 288 1066 bitum
309 1026 661 1078 querentiumque
674 1039 882 1064 annonam
898 1026 1047 1078 primo,
1061 1026 1269 1078 postremo
1286 1025 1455 1074 famem,

148 1088 194 1122 et
234 1083 508 1123 mercenarios
548 1082 721 1132 milites,
762 1084 943 1122 maxime
981 1083 1158 1135 Hispani
1196 1083 1374 1135 generis,
1406 1083 1456 1122 de

147 1141 399 1180 transitione
420 1141 577 1192 cepisse
608 1139 830 1194 consilium
863 1141 973 1179 fama
1004 1145 1123 1186 esset,
1154 1142 1194 1178 4.
1217 1141 1305 1192 ipse
1327 1141 1454 1179 etiam

150 1197 364 1237 interdum
387 1197 600 1236 Hannibal
622 1197 672 1236 de
693 1197 794 1249 fuga
815 1198 858 1235 in
881 1197 1063 1237 Galliam
1086 1197 1241 1236 dicitur
1262 1197 1456 1248 agitasse,

150 1256 213 1295 ita
233 1258 282 1294 ut
302 1254 452 1294 relicto
468 1254 662 1307 peditatu
679 1254 794 1293 omni
812 1267 908 1292 cum
922 1254 1137 1306 equitibus
1151 1267 1192 1293 se
1209 1255 1452 1306 proriperet.

151 1315 190 1352 5.
234 1311 372 1359 Quum
412 1312 500 1350 haec
521 1311 694 1350 consilia
732 1315 858 1363 atque
899 1311 967 1350 hic
1012 1311 1181 1350 habitus
1222 1311 1455 1350 animorum

149 1374 260 1410 esset
289 1370 333 1408 in
366 1369 524 1415 castris,
546 1381 712 1407 movere
734 1369 832 1407 inde
855 1369 1007 1407 statuit
1027 1370 1070 1407 in
1094 1368 1307 1417 calidiora,
1328 1372 1456 1420 atque

150 1428 198 1467 eb
231 1427 461 1466 maturiora
500 1426 717 1474 messibus,
748 1425 914 1478 Apuliae
949 1426 1065 1473 loca3
1107 1426 1233 1464 simul
1273 1430 1336 1473 ut,
1377 1439 1458 1477 quo

149 1484 319 1536 longius
369 1483 422 1522 ab
471 1483 589 1521 hoste
630 1484 878 1532 recessisset,
928 1483 1162 1535 transfugia
1202 1483 1458 1535 inpeditiora

150 1541 312 1581 levibus
333 1540 514 1593 ingeniis
535 1544 683 1579 essent.
746 1541 784 1579 6.
817 1540 1034 1579 Profectus
1055 1545 1119 1579 est
1145 1544 1268 1579 nocte
1291 1541 1460 1592 ignibus

152 1598 352 1638 similiter
407 1598 530 1636 factis
582 1597 943 1650 tabernaculisque
993 1599 1136 1649 paucis
1184 1598 1229 1636 in
1280 1599 1460 1649 speciem

153 1656 328 1703 relictis,
371 1659 420 1694 ut
460 1655 710 1693 insidiarum
759 1668 833 1707 par
877 1655 1005 1706 priori
1049 1659 1185 1693 metus
1226 1655 1461 1693 contineret

154 1713 375 1752 Romanos.
438 1712 477 1751 7.
521 1711 617 1759 Sed,
650 1725 723 1764 per
763 1712 942 1751 eundem
983 1712 1200 1750 Lucanum
1241 1711 1460 1751 Statilium

153 1770 349 1809 omnibus
369 1769 482 1808 ultra
503 1774 637 1808 castra
657 1774 853 1821 transque
884 1774 1047 1808 montes
1068 1768 1309 1821 exploratis,
1331 1782 1460 1820 quum

154 1828 337 1867 relatum
373 1830 480 1866 esset
515 1827 650 1864 visum
682 1826 825 1878 procul
861 1827 1046 1865 hostium
1077 1839 1254 1877 agmen:
1287 1830 1381 1865 tum
1411 1827 1463 1866 de

155 1884 412 1936 insequendo
429 1897 477 1923 eo
492 1884 663 1922 consilia
679 1884 833 1936 agitari
850 1888 998 1936 coepta.
1033 1886 1070 1922 8.
1090 1884 1228 1930 Quum
1241 1884 1462 1935 utriusque

156 1941 338 1981 consulis
374 1941 534 1990 eadem,
574 1954 667 1992 quae
705 1942 803 1980 ante
844 1954 1017 1992 semper,
1052 1940 1200 1980 fuisset
1241 1942 1462 1988 sentent-ia,

154 2000 344 2039 ceterum
363 1998 540 2037 Varroni
562 1998 646 2037 fere
668 2012 822 2045 omnes,
841 1998 971 2037 Paulo
994 2011 1115 2037 nemo
1136 2002 1288 2050 praeter
1309 1997 1463 2038 Servil-

157 2058 248 2096 ium
282 2056 432 2109 prioris
464 2056 562 2094 anni
602 2055 828 2099 consulem,
861 2056 1155 2104 adsentiretur,
1210 2057 1247 2094 9.
1295 2054 1464 2107 majoris

157 2114 289 2167 partis
320 2114 529 2152 sententia
559 2112 611 2151 ad
636 2113 918 2152 nobilitandas
939 2112 1056 2151 clade
1080 2113 1267 2151 Romanii
1289 2112 1463 2160 Cannas,

157 2174 337 2223 urgente
378 2171 478 2219 fato,
515 2170 691 2222 profecti
733 2174 841 2209 sunt.
907 2173 971 2208 10.
1014 2170 1149 2221 Prope
1185 2183 1282 2209 eum
1324 2171 1465 2209 vicum

159 2227 376 2267 Hannibal
408 2231 541 2266 castra
573 2231 764 2278 posuerat
794 2240 936 2266 aversa
957 2241 981 2265 a
1001 2226 1206 2266 Volturno
1227 2232 1368 2275 vento,
1390 2227 1464 2279 qui

161 2285 318 2337 eampis
348 2285 516 2323 torridis
547 2285 735 2323 siccitate
765 2285 894 2323 nubes
914 2284 1098 2336 pulveris
1118 2284 1249 2323 vehit.
1315 2286 1380 2323 11.
1414 2284 1466 2323 Id

160 2356 291 2396 quum
327 2342 427 2394 ipsis
459 2342 603 2380 castris
645 2342 981 2393 percommodum
1022 2341 1120 2391 fuit,
1155 2345 1249 2381 tum
1285 2342 1466 2380 salutare

159 2400 370 2452 praecipue
405 2399 596 2438 futurum
630 2403 732 2447 erat,
767 2413 897 2451 quum
932 2399 1066 2438 aciem
1101 2399 1348 2452 dirigerent,
1384 2399 1465 2450 ipsi

160 2457 309 2504 aversi,
351 2461 470 2509 terga
509 2458 678 2495 tantum
718 2456 898 2495 adflante
939 2460 1078 2504 vento,
1121 2457 1166 2495 in
1213 2459 1467 2496 occa-:catum

159 2513 332 2567 pulvere
353 2513 483 2553 offuso
504 2514 667 2552 hostem
688 2515 928 2566 pugnaturi.
