1621 2718
187 199 237 238 50
477 196 590 234 ΤΙΤΙ
626 196 768 234 LIVII
806 196 1203 235 HISTORIARUM

189 309 341 348 fuisse:
383 307 487 360 qm‘d
518 306 678 346 consuli
707 306 902 345 adversus
933 306 1137 358 collegam
1172 307 1419 347 seditiosum
1448 321 1497 348 ao

190 366 464 406 temerarium
472 365 626 403 virium
643 367 768 415 atque
785 364 1048 402 auctoritatis
1058 364 1143 402 fore
1158 364 1176 403 ’.Ρ
1210 367 1248 403 3.
1280 365 1333 404 Se
1349 365 1497 417 popul-

192 437 262 463 are
295 422 538 461 incendium
579 421 718 473 priore
762 419 981 459 consulatu
1025 424 1255 460 semustum
1290 422 1496 474 effugisse.

195 480 364 532 Optare,
382 484 430 517 ut
452 479 592 517 omnia
610 478 803 529 prospere
825 478 1064 524 evenirent3
1088 484 1133 516 at
1154 479 1189 517 si
1210 479 1313 530 quid
1334 479 1500 518 adversi

195 538 377 585 caderet,
400 536 586 575 hostium
623 548 665 573 se
700 534 798 572 telis
819 535 975 586 potius,
997 536 1125 586 quam
1156 535 1365 588 suffragiis
1395 537 1501 576 irat-

194 608 314 634 orum
345 592 514 640 civium,
537 595 664 644 caput
695 591 971 643 objecturum.
1033 594 1072 630 4.
1105 592 1170 631 Ab
1198 593 1278 632 hoc
1311 606 1501 633 sermone

195 652 430 704 profectum
453 649 634 688 Paulum
665 649 854 696 tradunt,
876 649 1223 700 prosequentibus
1245 651 1500 702 primoribus

193 712 376 761 patrum.
439 707 660 746 Plebeium
696 706 910 744 consulem
951 720 1024 745 sua
1057 707 1198 759 plebes
1233 711 1503 760 prosequuta,

195 766 334 812 turba,
357 766 483 816 quam
503 764 729 816 dignitate,
752 765 1023 815 conspectior.

285 825 322 862 5.
357 823 417 862 Ut
448 823 493 860 in
525 826 658 860 castra
688 825 905 869 venerunt,
937 822 1146 873 permixto
1176 835 1284 861 novo
1314 823 1503 862 exercitu

195 893 243 919 ac
266 883 417 927 vetere,
440 879 586 917 castris
608 878 801 917 bifariam
827 879 963 927 factis,
985 882 1034 917 ut
1053 892 1160 918 nova
1180 880 1343 919 minora
1363 884 1501 919 essent

196 939 367 990 propius
389 935 689 982 Hannibalem,
711 936 755 973 in
778 936 988 974 veteribus
1017 936 1152 988 major
1179 950 1273 988 pars
1304 941 1347 976 et
1377 950 1503 976 omne

194 995 320 1033 robur
334 995 489 1032 virium
507 997 629 1041 esset,
663 993 699 1032 6.
719 993 938 1031 consulum
952 994 1053 1031 anni
1067 994 1217 1045 prioris
1233 993 1295 1032 M.
1305 994 1502 1043 Atilium,

195 1055 366 1091 aetatem
388 1054 670 1097 excusantem,
692 1050 869 1088 Romam
892 1050 1121 1098 miserunt3
1159 1050 1387 1091 Geminum
1408 1051 1504 1092 Ser-

196 1109 345 1147 vilium
368 1109 414 1147 in
435 1107 670 1146 minoribus
692 1108 837 1146 castris
858 1107 1019 1159 legioni
1039 1108 1255 1157 Romanae,
1277 1111 1319 1148 et
1342 1109 1503 1148 socium

193 1166 387 1218 peditum
448 1166 723 1217 equitumque
776 1165 937 1203 duobus
996 1165 1199 1213 millibus,
1250 1165 1501 1218 praeficiunt.

194 1224 233 1263 7.
265 1222 481 1262 Hannibal
501 1235 757 1274 quamquam
792 1225 910 1274 parte
931 1222 1111 1262 dimidia
1138 1226 1281 1262 auctas
1314 1224 1501 1262 hostium

193 1282 332 1333 copias
354 1281 561 1326 cernebat,
577 1284 720 1318 tamen
741 1280 927 1318 adventu
948 1280 1165 1319 consulum
1186 1281 1292 1320 mire
1305 1282 1498 1333 gaudere.

195 1340 233 1377 8.
255 1338 353 1377 Non
375 1338 509 1377 solnm
532 1338 645 1375 enim
666 1337 775 1375 nihil
797 1351 843 1376 ex
863 1338 993 1389 raptis
1014 1339 1060 1375 in
1074 1338 1184 1377 diem
1200 1338 1503 1378 commeatibus

193 1395 429 1447 superabat,
444 1395 513 1434 sed
536 1408 587 1433 ne
608 1395 718 1433 unde
733 1398 899 1446 raperet
912 1395 1085 1446 quidem
1103 1396 1330 1447 quicquam
1346 1395 1501 1448 reliqui

193 1456 296 1501 erat,
331 1454 446 1492 omni
482 1452 669 1504 undique
703 1452 930 1500 frumento,
961 1456 1184 1504 postquam
1219 1466 1320 1505 ager
1352 1466 1501 1505 pamm

193 1514 313 1549 tutus
335 1516 439 1558 erat,
457 1511 501 1548 in
523 1509 645 1548 urbes
663 1510 848 1547 munitas
866 1514 1064 1548 convecto
1083 1524 1093 1556 3
1142 1512 1179 1549 9.
1203 1514 1252 1549 ut
1272 1511 1343 1548 vix
1356 1510 1500 1549 decem

192 1568 527 1619 dierum—quod
562 1572 807 1618 conpertiun
842 1572 987 1618 postea
1018 1568 1402 1606 est—frumentum
1434 1581 1501 1606 su-

190 1628 388 1677 peresset,
420 1625 789 1676 Hispanorumque
823 1624 874 1663 ob
910 1625 1098 1676 inopiam
1128 1625 1322 1664 transitio
1353 1629 1504 1678 parata

190 1683 334 1731 fuerit,
357 1683 391 1721 si
412 1683 635 1721 maturitas
657 1685 897 1733 temporum
918 1684 1159 1733 exspectata
1180 1682 1300 1721 foret.

637 1862 904 1902 CHAPTER
935 1862 1051 1900 XLI.

192 1952 256 1983 she
275 1952 416 1982 Romans
438 1951 513 1991 gain
530 1961 570 1980 an
585 1950 766 1989 advantage
791 1961 866 1980 over
882 1960 968 1980 some
995 1949 1144 1990 foraging
1171 1949 1271 1980 hands
1287 1950 1324 1980 of
1344 1949 1398 1980 the
1422 1950 1501 1980 Car-

232 1995 430 2035 thagiuians.
462 1994 593 2026 Paulus,
612 1993 682 2023 who
698 1993 724 2023 is
742 1993 773 2023 in
791 1992 968 2027 command,
986 1993 1099 2023 recalls
1111 1993 1162 2023 his
1179 2003 1250 2023 men
1264 1993 1346 2023 from
1360 1993 1499 2033 pur-suit.

231 2038 334 2068 Varro
345 2037 373 2067 is
387 2037 567 2077 indignant,
580 2036 640 2066 and
655 2036 806 2066 exclaims
823 2036 904 2067 that.
923 2035 984 2065 had
1004 2035 1070 2066 this
1086 2040 1142 2066 not
1157 2037 1236 2066 been
1252 2035 1342 2071 done,
1361 2035 1415 2066 tho
1432 2046 1500 2066 war

232 2081 337 2120 might
364 2080 446 2111 have
469 2081 547 2110 been
574 2078 777 2109 terminated.
837 2079 1028 2109 Hannibal's
1058 2078 1165 2110 device
1193 2079 1243 2110 sor
1269 2078 1413 2119 drawing
1443 2078 1498 2110 the

231 2124 376 2155 Romans
392 2124 461 2154 into
476 2133 517 2153 an
533 2122 786 2153 ambush.-1³.e.
804 2124 874 2152 216.

280 2204 315 2240 1.
350 2200 549 2241 emant-21
582 2200 815 2239 temeritati
847 2198 1028 2238 consulis
1061 2212 1109 2238 ac
1139 2211 1402 2251 praepropero
1434 2199 1498 2237 in-

188 2261 313 2312 genio
331 2259 552 2297 materiam
568 2259 696 2297 etiam
712 2256 1023 2303 fortunadedit3
1041 2257 1153 2308 quod
1168 2258 1209 2295 in
1227 2256 1497 2309 prohibendis

189 2316 493 2369 praedatoribus
534 2315 811 2354 tumultuario
852 2314 1012 2366 proelio‚
1049 2327 1096 2353 ac
1132 2327 1331 2366 procursu
1362 2314 1497 2365 magis

189 2373 391 2421 militum,
419 2375 544 2425 quam
578 2387 627 2411 ex
659 2378 890 2424 praparato
923 2375 997 2410 aut
1024 2371 1147 2423 jussu
1178 2373 1496 2423 imperatorum,

190 2436 295 2480 orto,
327 2431 650 2482 haudquaquam
684 2443 756 2481 par
778 2429 920 2467 Pfflnis
951 2430 1170 2468 dimicatio
1202 2429 1298 2468 fuit.
1362 2430 1400 2466 2.
1433 2428 1497 2467 Ad

190 2489 306 2528 mille
328 2493 371 2528 et
393 2489 649 2540 septingenti
674 2488 782 2533 caesi,
800 2500 880 2524 nou
906 2486 996 2538 plus=
1019 2492 1189 2526 centum
1212 2487 1499 2526 Romanorum
