1621 2718
430 173 598 212 LIBER
631 174 770 211 XXII.
827 174 942 213 CAP.
971 175 1094 214 XLII
1379 182 1428 219 51

118 283 408 336 sociorumque
421 284 581 323 occisis.
632 283 829 325 Ceterum
845 285 1075 325 victoribus
1088 286 1217 326 effuse
1234 293 1429 340 sequent-

117 340 214 380 ibus
243 344 363 380 metu
392 340 643 381 insidiarum
663 342 833 381 obstitit
853 343 1008 382 Paulus
1029 343 1188 391 consul,
1236 347 1275 384 3.
1307 346 1427 398 cujus

119 411 168 438 eo
208 398 434 437 die—nam
474 398 645 438 alternis
693 399 1282 453 imperitabant—imperium
1323 407 1428 449 erat,

118 454 305 495 Varrone
335 455 587 508 indignante
612 469 660 495 ac
685 457 940 497 vociferante
971 459 1172 497 emissum
1206 459 1372 498 hostem
1404 474 1427 499 e

118 513 327 561 manibus,
368 512 667 566 debellarique,
714 515 760 552 ni
811 519 1018 554 cessatum
1061 516 1183 563 foret,
1225 518 1425 568 potuisse.

118 571 161 610 4.
192 569 409 609 Hannibal
441 571 486 609 id
518 570 719 610 damnum
761 572 873 611 haud
909 573 1127 625 aegerrime
1162 575 1280 626 pati3
1324 575 1427 626 quin

120 627 261 679 potins
286 627 467 676 credere,
490 627 609 667 velut
638 630 866 668 inescatam
897 630 1184 669 temeritatem
1215 631 1429 671 ferocioris

121 684 303 724 consulis
338 698 385 723 ac
420 697 624 724 novorum
664 686 845 725 maxime
886 686 1078 725 militum
1120 701 1221 727 esse.
1284 690 1323 728 5.
1371 689 1428 728 Et

121 742 264 781 omnia
291 742 331 781 ei
359 742 547 781 hostium
578 742 692 782 haud
722 745 850 792 secus,
871 745 1000 796 quam
1032 757 1117 792 sua,
1146 748 1246 784 nota
1281 749 1425 785 erant:

120 799 345 838 dissimiles
376 799 668 852 discordesque
698 800 970 853 imperitare:
1007 801 1111 840 duas
1139 815 1268 854 prope
1289 805 1429 854 partes

120 857 307 896 tironum
329 856 518 896 militum
539 857 585 896 in
607 858 795 897 exercitu
818 871 918 897 esse,
981 858 1019 898 6.
1052 858 1202 911 Itaque
1223 859 1363 899 locum
1385 863 1430 899 et

120 917 287 966 tempus
318 915 485 953 insidiis
512 919 659 967 aptum
689 929 730 955 se
764 915 914 955 habere
944 919 1073 963 ratus,
1094 920 1218 955 nocte
1238 918 1429 969 proxima

120 971 230 1010 nihil
262 976 413 1024 praeter
445 985 560 1011 arma
590 973 750 1012 ferente
782 986 922 1012 secum
958 973 1109 1022 milite,
1140 978 1273 1013 castra
1305 975 1430 1026 plena

120 1031 255 1068 omnis
269 1030 447 1069 fortunae
464 1029 642 1082 publicae
656 1031 914 1082 privataeque
931 1030 1149 1082 relinquit,
1180 1033 1218 1071 7.
1233 1036 1431 1084 transque

120 1087 330 1138 proximos
363 1092 524 1126 montes
544 1087 648 1127 laeva
669 1088 832 1140 pedites
853 1089 1079 1127 instructos
1102 1089 1260 1137 condit,
1282 1089 1430 1128 dextra.

120 1145 297 1196 equites,
337 1145 641 1196 impedimenta
680 1158 752 1197 per
784 1145 1017 1184 convallem
1053 1146 1242 1185 medium
1278 1159 1431 1198 agmen

121 1201 308 1240 traducit
326 1217 336 1248 ;
380 1204 418 1240 8.
441 1207 488 1240 ut
510 1201 774 1254 diripiendis,
792 1202 909 1241 velut
925 1203 1100 1242 desertis
1117 1203 1219 1256 fuga
1239 1203 1432 1242 domino-

119 1272 228 1307 rum,
237 1260 359 1298 castri
366 1273 381 1297 s
389 1264 638 1311 occupatum
647 1260 970 1312 inpeditumque
985 1260 1150 1299 hostem
1158 1261 1430 1313 opprimeret.

123 1317 162 1356 9.
186 1315 330 1356 Crebri
344 1316 480 1355 relicti
502 1317 544 1355 in
568 1318 713 1355 castris
734 1317 866 1369 ignes,
883 1320 932 1356 ut
952 1317 1054 1356 fides
1075 1317 1210 1366 fieret,
1226 1318 1327 1357 dum
1342 1319 1427 1370 ipse

120 1373 286 1426 longius
318 1374 501 1426 spatium
528 1374 629 1426 fuga
649 1375 907 1426 praeciperet,
929 1375 1033 1414 falsa
1062 1375 1249 1428 imagine
1278 1379 1430 1414 castro-

120 1444 229 1478 rum,
262 1433 369 1470 sicut
392 1431 572 1471 Fabium
594 1433 731 1484 priore
762 1444 870 1471 anno
892 1432 1117 1472 frustratus
1145 1435 1267 1482 esset,
1289 1437 1434 1472 tenere

120 1488 167 1527 in
188 1488 289 1528 locis
311 1489 498 1527 consules
520 1489 711 1528 voluisse.

557 1669 822 1709 CHAPTER
853 1669 996 1711 XLII.

122 1759 292 1791 Hannibal
309 1761 336 1790 is
353 1758 501 1800 reported
516 1763 551 1789 to
565 1758 647 1789 have
663 1758 812 1789 <inserted
827 1757 879 1789 his
894 1768 997 1799 camp.
1042 1759 1169 1790 Marius
1190 1759 1340 1791 Statilius
1364 1765 1437 1791 sent

166 1810 201 1833 to
218 1819 247 1832 ,ψ
273 1802 376 1832 emin
394 1801 448 1833 the
465 1806 548 1833 state
565 1802 601 1832 of
619 1801 741 1832 affairs.
788 1801 851 1833 His
868 1808 986 1843 report.
1032 1801 1136 1833 Varro
1152 1802 1242 1843 gives
1258 1803 1313 1834 the
1329 1803 1437 1844 signal

166 1851 199 1877 to
225 1857 252 1875 ’π
280 1845 343 1876 rch.
389 1845 513 1876 Paulus
538 1844 635 1876 sends
659 1844 746 1875 word
770 1844 843 1875 that
866 1844 921 1876 the
947 1845 1064 1876 Sacred
1089 1845 1251 1877 Chickens
1277 1846 1353 1886 give
1376 1857 1436 1877 un-

119 1917 128 1926 ,
165 1889 354 1920 famumble
369 1888 526 1929 auspices.
571 1887 713 1919 Soldiers
728 1887 808 1918 with
818 1887 978 1928 difficulty
990 1888 1134 1928 brought
1150 1888 1233 1919 back
1247 1888 1317 1920 into
1332 1899 1436 1930 camp.

165 1928 243 1963 Tw
271 1942 420 1972 r·.naway
436 1931 541 1962 slaves
566 1936 678 1962 return
705 1936 740 1961 to
764 1930 852 1962 their
871 1935 1008 1962 masters
1032 1931 1096 1962 and
1122 1931 1219 1971 bring
1249 1931 1372 1972 tidings
1402 1933 1440 1963 of

165 1975 334 2006 Hannibal
351 1975 447 2015 being
462 1974 496 2005 in
513 1973 650 2005 ambush
666 1973 789 2005 behind
804 1973 859 2005 the
875 1972 1024 2015 adjacent
1041 1975 1344 2007 memmius-nc.
1361 1977 1434 2006 216.

214 2056 250 2093 1.
286 2053 367 2093 Um
407 2052 565 2101 illuxit,
601 2051 816 2091 subductae
855 2051 993 2104 primo
1029 2052 1245 2099 stationes,
1282 2052 1436 2092 deinde

123 2112 296 2165 propius
325 2110 578 2150 adeuntibus
607 2108 829 2149 insolitum
860 2108 1079 2148 silentium
1109 2109 1434 2149 admirationem

123 2169 241 2209 fecit.
304 2171 341 2207 2.
373 2167 471 2207 Jam
493 2169 592 2206 satis
613 2171 829 2219 comperta
849 2165 1092 2214 solitudine,
1113 2166 1158 2204 in
1175 2166 1320 2206 castris
1337 2180 1439 2206 con-

123 2239 267 2266 cursus
304 2226 353 2264 fit
391 2224 443 2264 ad
482 2224 677 2277 praetoria
709 2223 928 2263 consulum
958 2223 1252 2262 nuntiantium
1288 2224 1433 2277 fugam

123 2284 309 2324 hostiurn
331 2282 433 2322 adeo
454 2281 678 2334 trepidam,
697 2284 748 2320 ut
767 2280 1046 2320 tabernaculis
1067 2281 1278 2320 stantibus
1299 2285 1434 2321 castra

122 2341 376 2394 reliquerint
393 2354 404 2387 3
433 2339 600 2392 quoque
621 2338 721 2391 fuga
741 2338 955 2378 obscurior
974 2341 1095 2386 esset,
1117 2338 1282 2378 crebros
1302 2339 1432 2378 etiam

123 2399 292 2439 relictos
318 2399 447 2449 ignes.
510 2399 548 2436 3.
582 2396 747 2437 Clamor
767 2395 865 2435 inde
887 2398 1016 2443 ortus,
1036 2399 1086 2435 ut
1108 2396 1229 2449 signa
1254 2396 1431 2449 proferri

118 2455 320 2510 juberent
334 2455 616 2502 ducerentque
631 2454 683 2493 ad
699 2453 1005 2506 persequendos
1020 2453 1160 2492 hostes
1175 2467 1224 2493 ac
1241 2454 1439 2506 protinus·

741 2528 765 2551 n
785 2521 804 2550 2
