1621 2718
511 159 679 197 LIBER
714 160 850 197 XXII.
907 160 1025 199 OAP.
1055 161 1132 199 111.
1437 165 1464 203 5

152 283 244 319 sua,
265 269 428 323 agitare
460 283 557 309 eum
588 273 717 322 atque
738 270 906 308 irritare
938 269 1092 309 Poenus
1122 276 1257 323 parat,
1278 275 1335 321 et,
1357 271 1463 313 laeva

152 326 303 367 relicto
343 327 477 374 hoste,
518 326 702 366 Faesulas
743 330 904 379 petens,
955 327 1096 366 medio
1139 328 1320 367 Etruriae
1361 343 1460 379 agro

152 383 390 437 praedatum
433 384 660 436 profectus,
701 387 903 436 quantam
944 386 1173 423 maximam
1215 386 1459 425 vastitatem

152 444 307 493 potest,
341 441 524 480 caedibus
561 441 846 493 incendiisque
883 441 1043 480 consuli
1081 442 1224 494 procul
1261 444 1458 482 ostendit.

156 500 194 538 7.
218 497 468 545 Flaminius,
490 499 564 550 qui
585 511 637 537 ne
651 500 794 550 quieto
809 499 981 550 quidem
1004 499 1122 538 hoste
1137 500 1224 551 ipse
1240 501 1458 551 quieturus

149 559 258 602 erat,
279 558 372 594 tum
395 556 505 603 vero,
523 559 744 608 postquam
761 569 825 594 res
842 557 1048 595 sociorum
1065 559 1163 595 ante
1178 556 1316 596 oculos
1331 571 1457 610 prope

151 625 248 651 euos
288 613 387 651 ferri
429 614 581 665 agique
623 613 745 660 vidit,
777 626 897 651 suum
929 613 972 652 id
1015 613 1192 653 dedecus
1233 618 1361 661 ratus,
1385 629 1458 667 per

149 669 339 708 mediam
362 670 454 722 jam
477 669 648 708 Italiam
669 671 810 721 vagari
844 670 1022 709 Poenum
1053 674 1196 723 atque,
1227 672 1456 711 obsistente

154 726 284 774 nullo,
299 726 352 765 ad
368 727 458 778 ipsa
467 726 656 765 Romana
672 727 828 766 moenia
843 728 902 765 ire
916 728 1212 779 oppugnanda,
1246 732 1283 767 8.
1307 730 1456 769 ceteris

152 783 347 823 omnibus
386 785 430 822 in
472 784 646 823 consilio
677 784 877 823 salutaria
916 785 1064 835 magis,
1095 798 1222 836 quam
1259 787 1455 837 speciosa,

150 840 691 894 suadentibus—collegam
742 842 1084 893 exspectandum,
1126 846 1175 881 ut
1219 842 1455 895 conjunctis

149 899 417 947 exercitibus,
439 900 652 938 communi
684 900 825 938 animo
858 899 1114 951 consilioque
1138 913 1227 938 rem
1249 904 1454 952 gererent,

152 955 324 995 interim
345 957 539 1008 equitatu
559 956 813 1008 auxiliisque
836 956 992 995 levium
1019 970 1229 996 armorum
1251 957 1303 996 ab
1325 958 1455 998 effusa

97 1007 100 1011 ’
152 1013 365 1064 praedandi
397 1013 571 1053 licentia
592 1014 755 1053 hostem
778 1014 1158 1054 cohibendum—9.
1189 1015 1319 1053 iratus
1341 1028 1382 1054 se
1405 1029 1453 1054 ex

146 1070 325 1109 consilio
358 1072 582 1123 proripuit,
605 1072 855 1124 signumque
876 1070 1002 1110 simul
1033 1073 1198 1110 itineris
1221 1085 1453 1124 pugnaeque

150 1129 381 1180 proposuit.
447 1131 511 1168 10.
542 1133 567 1152 ‘⁶
582 1129 719 1167 Immo
742 1129 899 1168 Arretii
916 1133 1013 1167 ante
1028 1130 1183 1167 moenia
1199 1129 1453 1179 sedeamus‚'’

148 1185 314 1237 inquit3
350 1186 458 1225 “hic
479 1187 592 1225 enim
615 1187 752 1238 patria
785 1190 828 1225 et
861 1189 1032 1238 penates
1062 1190 1171 1225 sunt.
1235 1187 1448 1225 Hannibal

149 1243 322 1282 emissus
350 1256 373 1281 e
405 1244 601 1282 manibus
635 1243 937 1295 perpopuletur
963 1243 1148 1290 Italiam,
1170 1244 1452 1295 vastandoque

149 1303 192 1339 et
225 1301 383 1340 urendo
426 1301 568 1340 omnia
607 1301 660 1339 ad
697 1300 886 1339 Romana
922 1301 1078 1339 moenia
1111 1301 1344 1352 perveniat,
1376 1314 1452 1340 neo

148 1355 247 1396 ante
277 1371 351 1397 nos
378 1358 480 1397 hine
510 1359 780 1406 moverimus,
802 1359 944 1409 quam,
967 1358 1076 1396 sieut
1102 1357 1203 1396 olim
1227 1357 1449 1397 Camillum

144 1414 201 1453 -ab
222 1415 351 1462 Veiis,
374 1414 417 1455 C.
443 1415 706 1454 Flaminium
727 1415 779 1454 ab
813 1415 980 1454 Arretio
1014 1419 1153 1466 patres
1183 1415 1451 1454 acciverint.'’

151 1474 216 1511 ll.
251 1472 352 1512 Haec
380 1473 507 1512 simul
540 1474 773 1525 increpans,
809 1486 941 1524 quum
973 1473 1088 1511 ociuS
1120 1473 1240 1525 signa
1271 1473 1448 1512 convelli

138 1529 316 1582 juberet
336 1534 379 1569 et
400 1531 487 1582 ipse
509 1531 551 1569 in
576 1544 732 1582 equum
754 1530 1000 1576 insiluisset,
1017 1542 1147 1582 equus
1167 1533 1341 1582 repente
1363 1544 1445 1569 cor-

145 1588 235 1625 ruit
251 1585 547 1640 consulemque
561 1587 724 1640 lapsum
742 1601 866 1639 super
881 1591 1010 1639 caput
1026 1586 1189 1626 effudit.
1226 1590 1290 1626 12.
1313 1588 1448 1626 Terri-

143 1645 202 1684 tis
235 1645 443 1692 omnibus,
466 1646 539 1697 qui
573 1647 682 1684 circa
707 1648 840 1693 erant,
864 1645 981 1683 velut
1002 1644 1112 1684 foedo
1144 1645 1285 1684 omine
1315 1646 1450 1697 incip-

145 1701 282 1741 iendae
296 1703 372 1750 rei,
395 1703 563 1754 insuper
584 1703 807 1741 nuntiatur
828 1703 1010 1754 signum,
1033 1702 1147 1740 omni
1171 1702 1212 1740 vi
1247 1702 1450 1741 moliente

141 1759 361 1811 signifero,
383 1760 564 1799 convelli
586 1760 771 1812 nequire.
818 1761 882 1798 13.
915 1758 1145 1799 Conversus
1161 1759 1215 1798 ad
1235 1760 1450 1808 nuntium,

142 1819 172 1838 ‘⁶
186 1816 301 1855 Num
324 1816 468 1856 literas
490 1816 696 1869 quoque,'’
719 1817 873 1868 inquit,
906 1821 931 1840 “
947 1816 1000 1855 ab
1023 1819 1170 1855 senatu
1202 1816 1337 1866 affers,
1358 1830 1451 1869 quae

142 1887 233 1913 rem
264 1887 409 1926 gerere
439 1874 620 1914 vetent?
681 1874 776 1922 Abi,
799 1874 964 1921 nuntia,
987 1873 1191 1913 effodiant
1212 1875 1393 1925 signum,
1416 1877 1446 1914 si

138 1930 196 1970 -ad
210 1931 531 1976 convellendum
546 1934 694 1970 mansis
708 1945 792 1984 prae
806 1934 926 1970 metu
936 1930 1268 1983 obtorpuerint-P
1295 1934 1359 1970 14.
1380 1932 1451 1971 In-

138 1989 289 2028 cedere
330 1989 430 2028 inde
470 2003 620 2041 agmen
662 1990 805 2041 coepit,
845 1989 1116 2041 primoribus,
1158 2002 1282 2041 super
1323 1991 1450 2041 quam

136 2046 254 2098 -quod
295 2046 575 2086 dissenserant
606 2046 660 2085 ab
696 2046 884 2094 consilio,
917 2046 1080 2085 territis
1121 2047 1251 2085 etiam
1288 2047 1448 2099 duplici

142 2103 362 2156 prodigi03
396 2104 535 2144 milite
566 2105 611 2143 in
644 2103 795 2157 vulgus
831 2103 929 2143 laeto
959 2103 1114 2142 ferocia
1149 2104 1283 2151 ducis,
1318 2116 1452 2156 quum

135 2173 259 2214 spem
279 2162 415 2214 magis
436 2163 585 2214 ipsam,
606 2163 733 2213 quam
755 2174 922 2200 causam
943 2161 1047 2213 spei,
1070 2162 1317 2200 intueretur.
