1621 2718
182 187 238 219 {54
477 184 591 220 ΤΙΤΙ
629 183 771 220 LIVII
808 182 1203 220 HISTORIARUM

184 292 270 331 dux
300 293 473 344 hujusce
493 293 609 332 belli.
672 294 710 332 7.
742 293 995 332 Audendum
1015 297 1140 345 atque
1161 293 1386 345 agendum,
1406 305 1489 332 non

185 350 521 400 consultandum,
543 351 618 399 ait,
640 351 683 388 in
710 353 830 389 tanto
854 350 964 388 malo
987 363 1071 389 esse
1089 365 1098 389 ε
1130 351 1242 389 irent
1262 363 1401 389 secum
1422 364 1491 389 ex-

182 407 344 459 templo
384 409 551 456 armati,
596 408 670 459 qui
711 420 799 445 rem
839 407 1052 458 publicam
1101 408 1257 446 salvam
1302 407 1490 454 vellent3

185 467 224 503 8.
255 465 372 503 nulla
394 465 546 513 verius,
567 466 694 516 quam
715 464 789 503 ubi
811 477 858 503 ea
879 465 1130 516 cogitentur,
1152 465 1339 503 hostium
1359 469 1489 503 castra

180 535 283 560 esse.
348 523 385 560 9.
417 522 566 574 Pergit
598 523 660 559 ire
696 522 969 573 sequentibus
1001 522 1144 573 paucis
1179 522 1222 559 in
1257 522 1490 573 hospitium

183 578 351 617 Metelli
392 584 448 627 et,
484 592 615 630 quum
651 579 878 617 concilium
911 578 972 617 ibi
998 579 1218 630 juvenum,
1255 579 1306 617 de
1337 579 1491 630 quibus

181 635 374 674 adlatum
394 639 497 685 erat,
518 636 758 686 invenisset,
779 637 925 675 stricto
943 649 1066 688 super
1079 636 1218 688 capita
1233 635 1492 674 consultant-

181 693 273 731 ium
312 693 469 745 gladio,
514 696 578 733 10.
612 694 715 732 “Ex
757 694 843 732 mei
886 694 1018 732 animi
1053 691 1299 741 sententia?
1333 693 1489 745 inquit,

182 753 208 773 ‘⁴
223 755 271 788 ut
303 763 379 802 ego
414 764 503 790 rem
533 751 747 803 publicam
782 751 925 803 populi
963 751 1143 790 Romani
1175 764 1258 790 non
1289 750 1489 797 deseram,

179 820 315 859 neque
347 808 480 847 alium
515 809 649 848 civem
678 808 915 847 Romanum
941 808 1126 847 deserere
1158 809 1322 860 patiar3
1364 811 1427 846 11.
1455 809 1489 847 51

181 866 314 904 sciens
342 866 458 914 fallo,
485 870 579 905 tum
610 879 678 904 me
700 866 869 917 Jupiter
891 867 1050 917 optime
1076 867 1271 914 maxime,
1303 866 1489 912 domum,

180 922 389 961 familiam
415 937 585 975 remque
606 936 745 962 meam
776 923 956 975 pessimo
984 923 1070 961 leto
1092 922 1274 962 adficias.
1341 925 1405 961 12.
1439 923 1489 961 In

180 979 269 1018 haec
282 980 419 1028 verba,
437 980 485 1019 L.
498 980 652 1028 Caecili,
669 980 785 1032 jures
799 979 980 1032 postulo,
998 981 1211 1032 ceterique
1227 980 1301 1032 qui
1316 980 1488 1027 adest-is,

179 1037 253 1088 qui
283 1050 365 1076 non
400 1037 622 1089 juraverit,
653 1039 697 1076 111
730 1050 771 1076 se
807 1037 920 1075 hunc
951 1037 1142 1089 gladium
1175 1038 1371 1076 strictum
1405 1050 1489 1076 esse

180 1093 321 1133 sciat.”
362 1097 427 1134 13.
450 1095 576 1134 Haud
598 1109 713 1134 secus
729 1095 885 1146 pavidi,
901 1097 1028 1147 quam
1049 1096 1084 1133 si
1101 1095 1304 1134 victorem
1327 1095 1487 1134 Hanni-

180 1152 320 1191 balem
351 1156 580 1202 cernerent,
610 1152 757 1205 jurant
791 1165 934 1191 omnes
963 1152 1336 1204 custodiendosque
1359 1156 1485 1193 semet

179 1209 290 1261 ipsos
311 1209 502 1262 Scipioni
522 1210 710 1249 tradunt.

627 1373 893 1414 CHAPTER
925 1374 1043 1417 le,

178 1462 265 1492 Four
280 1461 441 1492 ‘thousand
457 1463 518 1492 five
542 1461 690 1492 hundred
706 1462 850 1492 Romans
867 1461 937 1492 who
954 1461 1017 1491 had
1043 1462 1121 1492 been
1148 1461 1307 1491 scattered
1335 1471 1410 1492 over
1431 1460 1488 1492 the

221 1510 355 1545 conum-y
378 1504 447 1546 ι10111
476 1505 530 1535 the
562 1506 683 1536 Consul
716 1505 849 1545 (Varro)
875 1510 909 1536 at
939 1505 1092 1535 Venusia.
1153 1504 1333 1544 Liberality
1361 1505 1396 1535 of
1432 1504 1488 1535 the

221 1548 388 1578 Venusini.
435 1549 538 1578 Varro
548 1547 636 1588 joins
652 1548 703 1578 1115
719 1559 791 1579 men
817 1555 849 1578 to
866 1549 956 1578 those
978 1554 1012 1578 at
1035 1547 1220 1579 Canusium.
1279 1548 1394 1578 Terror
1423 1547 1489 1578 and

221 1591 386 1621 confusion
403 1595 439 1622 at
453 1591 670 1622 Rome—Rc.
690 1593 761 1622 216.
1405 1607 1408 1610 ⁴

268 1671 301 1707 1.
325 1669 387 1707 Eo
403 1674 606 1720 tempore,
621 1682 703 1720 quo
718 1669 806 1707 haec
816 1668 986 1708 Canusii
1002 1669 1250 1721 agebantur,
1259 1668 1489 1708 Venusiam

177 1727 229 1765 ad
271 1725 484 1765 consulem
518 1726 571 1764 ad
599 1730 779 1778 quatuor
812 1726 950 1765 millia
986 1732 1029 1765 et
1063 1727 1289 1778 quingenti
1325 1726 1488 1778 pedites

177 1784 438 1836 equitesque,
454 1784 528 1835 qui
551 1785 679 1835 sparsi
702 1785 803 1836 fug-si
824 1797 898 1835 per
915 1797 1034 1833 agros
1052 1785 1232 1833 fuerant,
1251 1797 1487 1836 pervenere.

179 1844 216 1879 2.
250 1842 331 1880 Εο5
353 1854 495 1879 omnes
516 1841 719 1880 Venusini
741 1855 814 1893 per
835 1842 1017 1880 familias
1032 1841 1212 1893 benigne
1226 1842 1488 1893 accipiendos

177 1899 462 1950 curandosque
484 1912 614 1950 quum
637 1899 890 1947 divisissent,
914 1900 956 1937 111
981 1899 1164 1951 singulos
1185 1900 1349 1951 equites
1370 1903 1489 1952 togas

178 1959 221 1995 et
251 1957 415 1994 tunicas
449 1960 491 1994 et
524 1956 794 2008 quadrigatos
826 1970 1019 1995 nummos
1055 1957 1205 2008 quinos
1239 1958 1419 2004 vicenos,
1446 1961 1490 1996 et

176 2013 312 2065 pediti
336 2014 476 2059 denos,
499 2017 542 2051 et
563 2026 690 2061 arma,
712 2014 863 2065 quibus
892 2014 1076 2059 deerant,
1094 2013 1296 2053 dederunt
1315 2028 1323 2061 ;
1362 2017 1399 2053 3.
1423 2028 1490 2053 ce-

177 2076 350 2123 teraque
366 2071 535 2122 publice
556 2084 603 2109 ac
624 2072 827 2122 privatim
840 2070 1104 2122 hospitaliter
1121 2071 1244 2117 facta,
1260 2075 1490 2110 certatum-

178 2142 273 2180 que,
306 2142 358 2167 ne
394 2141 418 2166 a
445 2128 622 2167 muliere
645 2128 851 2168 Canusina
878 2128 1057 2180 populus
1078 2128 1316 2168 Venusinus
1342 2129 1489 2169 officiis

177 2187 429 2224 vinceretur.
460 2188 499 2224 4.
519 2185 599 2225 Sed
615 2187 781 2237 gravius
796 2199 899 2224 onus
913 2186 1034 2225 Busae
1048 2186 1279 2225 multitudo
1293 2187 1490 2236 faciebat,

173 2247 222 2281 et
237 2243 327 2295 jam
344 2244 394 2281 ad
411 2243 553 2282 decem
567 2243 704 2282 millia
721 2244 941 2282 hominum
959 2247 1097 2289 erant.;
1134 2246 1172 2283 5.
1192 2245 1434 2297 Appiusque
1447 2249 1492 2284 et

179 2300 334 2352 Scipio,
376 2305 599 2352 postquam
639 2301 892 2339 incolumem
933 2315 1018 2339 esse
1056 2301 1237 2340 alterum
1278 2301 1490 2341 consulem

178 2362 443 2409 acceperunt,
466 2359 666 2397 nuntium
688 2359 899 2410 extemplo
932 2360 1126 2406 mittunt,
1148 2363 1316 2411 quantae
1349 2372 1491 2398 secum

178 2415 370 2467 peditum
389 2416 664 2467 equitumque
680 2417 808 2468 copia*
823 2421 971 2463 essent,
986 2417 1332 2469 sciscitatumque
1348 2416 1490 2465 simul,

178 2475 322 2511 utrum
345 2473 573 2512 Venusiam
596 2473 746 2512 adduci
770 2474 1016 2521 exercitum,
1039 2487 1091 2512 au
1113 2487 1294 2521 manere,
1305 2473 1491 2524 juberet,
