1621 2718
427 178 596 216 LIBER
627 179 766 217 XXII.
824 180 939 218 CAP.
967 181 1105 219 XXII.
1367 186 1417 222 :29

114 287 260 340 procul
309 287 488 326 Romani
537 288 758 336 abessent3
809 302 921 328 nunc
970 290 1026 328 cis
1075 291 1242 330 Iberum
1284 298 1417 333 eastra

118 345 303 384 Romana
323 357 422 392 esse,
443 357 579 384 arcem
601 349 739 384 tutam
761 346 1083 398 perfugiumque
1109 361 1233 386 novas
1255 348 1416 388 volent-

114 401 209 440 ibus
248 415 336 440 res:
373 402 516 454 itaque
551 415 654 454 quos
684 406 820 442 metus
850 416 934 441 non
966 407 1122 452 teneat,
1144 404 1343 444 beneficio
1373 411 1417 445 et

112 458 251 511 gratia
291 458 584 498 devinciendos
623 473 722 498 esse.
793 462 856 498 12.
900 459 1077 499 Miranti
1118 461 1280 500 Bostari
1322 475 1414 513 per-

111 516 430 568 cunctantique,
461 516 670 568 quodnam
702 517 746 555 id
778 517 965 556 subitum
997 521 1128 557 tantae
1163 519 1223 557 rei
1259 518 1416 558 donum

115 573 248 625 possit
263 586 363 622 esse,
399 575 463 612 13.
482 577 507 595 “
519 573 729 622 Obsides,”
746 574 900 626 inquit,
915 575 997 612 “in
1016 575 1206 614 civitates
1223 576 1414 615 remitte:

114 629 161 669 id
182 633 226 669 et
245 631 446 682 privatim
467 630 725 682 parentibus,
739 644 917 682 quorum
939 644 1181 671 maxumum
1194 645 1346 671 nomen
1367 633 1413 671 in

112 687 360 725 civitatibus
400 690 462 725 est
499 687 594 734 suis,
627 691 670 725 et
709 687 876 739 publice
916 688 1083 739 populis
1115 692 1284 741 gratum
1318 690 1413 729 erit.

119 746 185 782 14.
217 743 321 783 Vult
361 743 440 782 sibi
482 745 658 796 quisque
698 744 824 792 credi,
865 747 908 783 et
953 744 1099 784 habita
1138 745 1241 785 fides
1282 747 1416 798 ipsam

114 800 360 853 plerumque
381 800 543 853 obligat
564 800 702 839 fidem.
745 801 1034 840 Ministerium
1057 803 1415 842 restituendorum

110 857 260 897 domos
280 857 472 897 obsidum
492 858 690 897 mihimet
720 858 893 910 deposco
924 859 1025 910 ipse,
1047 863 1095 898 ut
1115 864 1238 911 opera
1251 872 1415 912 quoque

114 915 290 968 inpensa
310 915 532 954 consilium
561 915 758 968 adjuvem
777 929 933 964 meum,
955 919 997 954 et
1018 917 1078 955 rei
1099 920 1245 968 suapte
1265 920 1416 956 natura.

112 975 246 1024 gratae
300 977 502 1024 quantam
553 973 722 1025 insuper
761 973 941 1025 gratiam
983 974 1137 1025 possim
1178 973 1413 1025 adjiciam.”

63 1030 66 1034 ’
119 1031 184 1069 15.
217 1029 392 1068 Homini
427 1043 511 1069 non
543 1029 595 1068 ad
626 1033 763 1069 cetera
793 1030 951 1069 Punica
983 1031 1155 1082 ingenia
1185 1030 1335 1070 callido
1365 1034 1415 1070 ut

114 1088 333 1138 persuasit,
360 1090 482 1126 nocte
514 1087 622 1126 clam
653 1100 890 1139 progressus
912 1087 963 1126 ad
994 1087 1177 1127 hostium
1200 1089 1414 1135 stationes,

113 1145 330 1183 conventis
345 1144 596 1197 quibusdam
616 1144 888 1183 auxiliaribus
909 1144 1122 1196 Hispanis,
1139 1149 1182 1184 et
1203 1145 1255 1184 ab
1276 1145 1341 1184 his
1362 1145 1415 1184 ad

111 1200 354 1253 Scipionem
375 1201 613 1253 perductus,
630 1201 732 1253 quid
747 1201 941 1250 adferret,
955 1202 1176 1254 expromit.
1223 1202 1287 1241 16.
1310 1202 1415 1241 Fide

110 1262 285 1310 accepta
299 1258 496 1310 dataque,
512 1271 559 1297 ac
576 1258 664 1297 loco
681 1262 724 1297 et
740 1263 927 1310 tempore
943 1260 1174 1298 constitut-o
1187 1259 1239 1297 ad
1253 1258 1415 1297 obsides

112 1315 350 1365 tradendos,
391 1315 627 1367 Saguntum
666 1315 789 1354 redit.
857 1315 982 1354 Diem
1012 1317 1302 1368 insequentem
1340 1315 1413 1354 ab·

111 1373 293 1424 sumpsit
325 1386 422 1412 cum
451 1372 622 1411 Bostare
649 1372 860 1411 mandatis
885 1372 937 1411 ad
968 1386 1056 1411 rem
1077 1372 1282 1424 agendam
1305 1373 1415 1411 acci-

112 1430 291 1482 piendis.
318 1431 382 1470 17.
397 1430 617 1477 Dimissus,
625 1443 754 1481 quum
767 1443 809 1468 se
823 1432 946 1469 nocte
959 1430 1191 1477 iturum,ut
1205 1429 1412 1468 custodias

113 1486 301 1526 hostium
334 1487 510 1535 falleret,
544 1488 843 1534 constituisset,
866 1487 917 1526 ad
948 1487 1222 1538 compositam
1243 1500 1340 1525 cum
1361 1487 1414 1525 iis

112 1544 258 1583 boram
288 1544 482 1583 excitatis
515 1544 755 1583 custodibus
791 1557 1013 1596 puerorum
1035 1543 1259 1596 profectus,
1281 1543 1414 1582 veluti

111 1602 283 1654 ignarus
303 1602 348 1640 in
369 1605 621 1654 praeparatas
642 1606 716 1640 sua
736 1601 881 1640 fraude
901 1601 1074 1640 insidias
1094 1601 1224 1639 ducit.
1271 1603 1334 1639 18.
1364 1601 1413 1639 In

110 1662 249 1698 eastra
279 1659 467 1698 Romana
497 1658 714 1710 perducti:
760 1661 897 1697 cetera
930 1658 1071 1696 omnia
1105 1658 1156 1696 de
1189 1657 1414 1697 reddendis

114 1716 340 1764 obsidibus,
363 1717 472 1755 sicut
492 1728 587 1753 cum
611 1715 780 1754 Bostare
803 1716 1080 1754 constitutum
1103 1719 1206 1764 erat,
1227 1718 1319 1753 acta
1340 1728 1414 1766 per

110 1773 293 1812 eundem
323 1773 527 1820 ordinem,
549 1785 630 1824 quo
652 1773 686 1811 si
709 1771 1122 1824 Carthaginiensium
1152 1773 1322 1810 nomine
1355 1773 1413 1810 sic

112 1834 321 1883 ageretur.
386 1831 450 1869 19.
483 1830 620 1882 Major
641 1829 858 1881 aliquanto
880 1829 1162 1868 Romanorum
1177 1830 1314 1881 gratia
1330 1829 1413 1867 fuit

110 1888 158 1926 in
174 1900 218 1926 re
231 1888 336 1940 pari,
351 1889 476 1939 quam
491 1890 648 1939 quanta
663 1887 806 1925 futura
828 1885 1242 1939 Carthaginiensium
1259 1886 1410 1925 fuerat.

113 1944 219 1996 Illos¹
245 1946 374 1991 enim,
407 1957 551 1996 graves
582 1943 861 1995 superbosque
897 1944 941 1982 in
969 1943 1089 1982 rebus
1122 1943 1313 1982 secundis
1343 1956 1412 1982 ex-

111 2005 266 2054 pertos,
317 2002 486 2040 fortuna
537 2004 581 2040 et
620 2002 749 2040 timor
789 2000 1006 2052 mitigasse
1046 2000 1179 2040 videri
1219 2003 1413 2052 poterat;

112 2061 181 2099 20.
214 2059 426 2098 Romanus
461 2059 597 2111 primo
633 2058 831 2106 adventu,
868 2058 1107 2110 incognitus
1143 2059 1254 2103 ante,
1285 2057 1339 2096 ab
1369 2070 1414 2096 re

108 2115 309 2155 clementi
343 2115 592 2167 liberalique
628 2115 800 2154 initium
834 2115 1017 2163 fecerat3
1058 2118 1102 2153 et
1138 2114 1315 2161 Abelux,
1351 2114 1415 2152 vir

112 2173 307 2225 prudens,
323 2173 435 2212 haud
455 2172 608 2211 frustra
621 2172 842 2211 videbatur
858 2173 989 2211 socios
1005 2170 1201 2210 mutasse.
1237 2173 1303 2209 21.
1327 2171 1416 2210 Ita»

108 2243 193 2283 que
233 2231 400 2283 ingenti
439 2241 640 2269 consensu
679 2229 958 2268 defectionem
1010 2241 1153 2267 omnes
1194 2232 1414 2280 spectare3

111 2300 310 2340 armaque
330 2286 540 2339 extemplo
560 2290 676 2325 mota
698 2286 846 2333 forent,
866 2286 912 2324 ni
933 2285 1082 2334 hiems,
1099 2298 1192 2338 quae
1205 2285 1416 2324 Romanos

110 2358 278 2398 quoque
310 2349 354 2384 et
381 2344 747 2396 Carthaginienses
780 2342 1003 2383 concedere
1036 2343 1083 2382 in
1115 2345 1229 2383 tecta
1261 2343 1417 2394 coegit,

108 2402 416 2443 intervenisset.
