1621 2718
208 196 255 234 18
499 195 612 233 ΤΙΤΙ
648 195 789 233 LIVH
824 196 1215 235 HISTORLARUM

207 308 272 346 10.
306 306 447 358 Usque
468 305 521 345 ad
541 319 668 358 aquas
691 305 960 346 Sinuessanas
990 307 1211 358 populatio
1233 320 1281 346 ea
1301 308 1507 359 pervenit.

204 363 427 416 Ingentem
469 363 644 411 cladem,
684 363 831 414 sugam
870 365 1010 402 tamen
1055 368 1338 415 terroremque
1378 364 1509 404 latius

203 421 402 460 Numidae
437 420 639 459 fecerunt.
705 422 770 458 11.
816 419 905 458 Nec
944 423 1086 459 tamen
1120 421 1155 459 is
1194 424 1341 469 terror,
1377 433 1509 472 quum

202 478 345 517 omnia
374 477 485 516 bello
518 476 756 528 flagrarent,
790 475 872 515 fide
913 477 1043 515 socios
1084 477 1277 525 dimovit,
1311 477 1510 517 videlicet

201 535 302 587 quia
317 535 435 586 justo
455 538 499 573 et
520 534 734 572 moderato
755 533 1010 586 regebantur
1029 534 1234 586 imperio3
1257 547 1332 573 nec
1354 534 1510 573 abnue-

203 592 319 639 bant,
342 591 453 643 quod
474 604 605 629 unum
626 590 843 629 vinculum
864 590 964 629 fidei
986 594 1062 639 est,
1084 590 1329 630 melioribus
1350 604 1508 643 parere.

644 786 909 826 CHAPTER
942 787 1058 826 XIV.

205 878 299 907 From
318 875 372 907 the
386 875 494 916 ridges
516 876 552 905 of
564 873 680 904 Mount
698 874 858 905 Massicus
875 874 930 905 the
946 875 1071 905 Roman
1088 877 1190 915 Army
1206 885 1272 906 sees
1289 876 1343 906 the
1366 876 1463 916 firing
1479 875 1515 907 of

239 920 294 950 the
310 919 416 959 lovely
432 924 567 958 country
583 918 696 948 below.
742 917 905 948 Seditious
922 918 1037 958 speech
1053 919 1090 948 of
1101 918 1383 950 Minucius-ac.
1402 921 1474 952 217.

285 999 320 1035 1.
345 997 408 1036 UT
421 1009 531 1043 vero,
541 998 764 1047 postquam
774 994 825 1033 ad
834 994 1090 1033 Vulturnum
1101 994 1257 1034 flumen
1267 998 1400 1034 castra
1415 998 1513 1035 sunt

207 1055 358 1107 posita,
381 1053 634 1092 exurebatur
670 1052 980 1091 amoenissimus
1013 1052 1152 1091 Italiae
1185 1065 1283 1104 ager
1315 1052 1512 1105 villaeque

207 1112 360 1164 passim
400 1110 608 1149 incendiis
642 1109 864 1148 fumabant
899 1122 972 1161 per
1001 1109 1109 1161 juga
1144 1109 1318 1149 Massici
1353 1111 1513 1150 montis

207 1169 336 1208 Fabio
359 1168 551 1215 ducente,
573 1171 668 1205 tum
698 1180 826 1219 prope
858 1167 909 1205 de
940 1167 1107 1219 integro
1138 1167 1289 1206 seditio
1321 1180 1512 1208 aceensa:

206 1229 244 1264 2.
277 1226 522 1278 quieverant
543 1225 658 1263 enim
674 1237 748 1276 per
769 1237 922 1276 paucos
939 1224 1040 1272 dies,
1058 1225 1170 1276 quia,
1188 1238 1321 1276 quum
1338 1225 1514 1264 celerius

205 1283 331 1322 solito
363 1283 538 1321 ductum
570 1294 722 1334 agmen
753 1285 873 1329 esset,
896 1281 1089 1320 festinari
1123 1283 1176 1321 ad
1208 1282 1514 1334 prohibendam

205 1335 548 1393 populationibus
570 1339 843 1391 Campaniam
866 1339 1143 1378 crediderant.
1207 1342 1245 1379 3.
1269 1340 1330 1379 Ut
1351 1353 1447 1379 vero
1468 1340 1514 1379 in

206 1402 393 1437 extrema
419 1397 526 1449 juga
559 1397 729 1436 Massici
764 1397 921 1435 montis
957 1400 1146 1445 ventum,
1176 1400 1219 1436 et
1258 1397 1397 1436 hostes
1438 1397 1515 1437 sub

205 1456 337 1494 oculis
359 1459 479 1494 erant
501 1454 671 1493 Falerni
702 1456 794 1506 agri
826 1454 1150 1506 colonorumque
1172 1454 1379 1494 Sinuessae
1399 1458 1514 1494 tecta

207 1518 387 1560 urentes,
400 1525 476 1551 nec
489 1512 577 1550 ulla
598 1515 688 1551 erat
707 1512 868 1550 mentio
890 1524 1055 1564 pugnae,
1097 1514 1136 1550 4.
1171 1515 1196 1535 ‘⁶
1214 1511 1515 1564 Spectatumne

207 1569 324 1618 huc‚'’
346 1570 487 1621 inquit
508 1569 739 1617 Minucius,
763 1572 788 1592 ‘⁶
805 1574 854 1607 ut
874 1583 963 1608 rem
984 1569 1204 1608 fruendam
1223 1570 1366 1618 0011118,
1384 1571 1515 1609 80010-

209 1641 301 1666 rum
323 1627 453 1666 caedes
476 1631 518 1665 et
539 1627 745 1674 incendia,
759 1626 982 1666 venimus?
1003 1639 1092 1675 nec,
1114 1628 1149 1666 si
1163 1627 1323 1666 nullius
1343 1627 1515 1667 alterius

208 1699 294 1734 nos,
316 1698 368 1724 ne
390 1685 548 1723 civium
579 1684 751 1736 quidem
787 1685 951 1732 horum,
973 1684 1117 1736 pudet,
1140 1698 1242 1737 quos
1275 1684 1514 1724 Sinuessam

206 1743 373 1782 colonos
394 1746 534 1794 patres
549 1742 682 1781 nostri
704 1742 924 1791 miserunt,
967 1744 1004 1781 5.
1037 1745 1085 1781 ut
1107 1742 1160 1781 ab
1182 1741 1374 1782 Samnite
1395 1742 1514 1782 hoste

209 1804 303 1840 tuta
322 1801 411 1839 haec
433 1813 502 1838 ora
524 1804 644 1848 esset,
661 1812 789 1851 quam
810 1812 923 1838 nunc
942 1812 1027 1838 non
1048 1800 1212 1839 vicinus
1234 1799 1401 1840 Samnis
1414 1801 1515 1849 urit,

208 1858 277 1898 sed
299 1857 455 1896 Poenus
476 1857 649 1904 advena,
671 1857 725 1896 ab
747 1858 946 1896 extremis
964 1858 1073 1897 orbis
1094 1861 1301 1897 terrarum
1321 1858 1516 1897 terminis

208 1918 349 1954 nostra
371 1915 640 1953 cunctatione
662 1917 705 1953 et
726 1915 914 1954 socordia
929 1915 1021 1967 jam
1043 1915 1125 1953 11110
1145 1916 1414 1968 progressus?
1477 1916 1515 1955 6.

207 1973 393 2011 Tantum
443 1971 540 2024 pro!
602 1972 903 2024 degeneramus
953 1986 977 2011 a
1026 1973 1220 2025 patribus
1265 1973 1432 2022 nostris,
1467 1976 1517 2011 ut

208 2034 518 2082 praeter-quam
548 2042 681 2082 nuper
714 2043 829 2068 oram
871 2029 936 2068 1111
968 2030 1150 2069 Punicas
1181 2031 1325 2082 vagari
1368 2030 1515 2069 classes

207 2087 386 2127 dedecus
419 2100 505 2126 esse
545 2087 714 2139 imperii
748 2088 810 2125 sui
847 2087 1058 2135 duxerint‚
1090 2101 1180 2126 eam
1209 2100 1321 2126 nunc
1348 2088 1516 2140 plenam

208 2145 397 2184 hostium
438 2144 804 2197 Numidarumque
846 2158 894 2183 ac
934 2144 1181 2184 Maurorum
1227 2145 1318 2197 jam
1360 2146 1515 2185 factam

207 2202 461 2241 videamus?
523 2203 560 2242 7.
585 2202 666 2249 Qui
688 2202 811 2241 modo
834 2201 1071 2255 Saguntum
1086 2204 1321 2255 oppugnari
1344 2203 1516 2255 indign-

207 2260 316 2299 ando
334 2273 416 2298 non
431 2260 623 2299 homines
645 2262 815 2299 tantum
838 2260 908 2299 sed
931 2260 1089 2299 foedera
1109 2264 1152 2299 et
1173 2260 1269 2300 deos
1291 2261 1516 2308 ciebamus,

207 2318 477 2357 scandentem
501 2318 657 2357 moenia
678 2317 879 2357 Romanae
900 2318 1075 2357 coloniae
1111 2318 1397 2358 Hannibalem
1429 2318 1517 2358 laeti

207 2378 457 2427 spectamus.
521 2377 558 2414 8.
593 2375 750 2414 Fumus
777 2389 825 2414 ex
850 2375 1058 2414 incendiis
1080 2375 1278 2414 villarum
1301 2389 1517 2428 agrorum-

206 2446 288 2485 que
311 2433 353 2471 in
378 2432 518 2471 0011108
539 2437 666 2484 atque
683 2446 753 2472 ora
769 2434 900 2480 venit,
918 2438 1113 2485 strepunt
1132 2446 1251 2472 aures
1265 2433 1518 2472 clamoribus

207 2490 466 2543 plorantium
499 2491 718 2539 sociorum,
741 2491 890 2542 saepius
923 2504 996 2529 nos
1032 2492 1158 2542 quam
1181 2490 1354 2530 deorum
1375 2491 1523 2530 invoc-
