1621 2718
348 177 517 214 LIBER
550 177 688 214 XXII.
746 176 865 214 CAP.
902 175 1099 214 XXXIX.
1328 179 1376 216 47

69 288 273 336 abituros,
294 300 431 339 neque
458 300 509 326 ex
536 286 682 326 ordine
707 298 951 334 recessuros,
972 286 1055 325 nisi
1079 285 1157 325 teli
1189 285 1379 326 sumendi

70 348 147 384 aut
178 343 365 397 petendi,
389 347 432 383 01
465 346 541 383 aut
573 343 704 383 hostis
738 342 916 382 feriendi
945 347 1021 382 aut
1053 343 1157 382 civis
1186 343 1378 383 servandi

71 406 209 441 causa.
271 403 310 441 5.
343 401 393 440 Id
442 414 493 440 ex
532 401 770 440 voluntario
812 400 925 438 inter
970 400 1081 452 ipsos
1126 400 1281 440 foedere
1325 401 1378 440 ad

75 459 345 498 tribunos‘ac
373 457 612 510 legitimam
632 458 741 510 juris
757 457 930 510 jurandi
951 457 1216 497 adactionem
1244 461 1381 497 trans-

73 515 221 555 latum.

163 573 201 612 6.
234 571 475 621 Conciones‚
497 573 742 624 priusquam
763 573 815 611 ab
836 572 939 612 urbe
961 572 1080 624 signa
1096 575 1381 620 moverentur,

72 629 256 669 consulis
277 629 475 668 Varronis
499 628 647 668 multae
668 642 715 667 ac
736 629 893 669 feroces
921 629 1052 676 fuere,
1074 629 1379 678 denuntiantis,

72 686 242 726 Bellum
261 687 510 726 arcessitum
533 687 578 724 in
600 685 773 725 Italiam
801 686 855 725 ab
882 685 1095 725 nobilibus
1116 699 1381 725 mansurum-

73 757 154 796 que
191 745 235 782 in
280 743 509 783 visceribus
552 744 611 782 rei
656 743 850 795 publicae,
897 744 935 783 7.
968 744 1002 782 si
1042 742 1180 795 plures
1226 743 1380 782 Fabios

70 802 344 853 imperatores
366 800 568 847 haberet3
598 813 654 849 se,
675 814 757 852 quo
786 801 855 840 die
886 800 1050 840 hostem
1076 800 1263 847 vidisset,
1286 814 1380 852 per-

72 859 298 898 fecturum.
361 859 398 897 8.
433 857 612 910 Collegae
652 857 741 909 ejus
781 857 904 897 Pauli
945 871 1029 897 una
1069 858 1218 910 pridie,
1251 859 1378 910 quam

52 915 124 955 ,ab
145 915 246 955 iube
267 914 611 968 proficisceretur,
633 916 777 954 concio
797 915 882 954 fuit
902 916 1051 964 verior,
1072 917 1199 967 quam
1219 915 1380 967 gratior

71 973 244 1026 populo,
276 977 360 1025 qua
400 973 511 1011 nihil
548 972 824 1011 inclementer
856 973 901 1011 in
934 972 1163 1012 Varronem
1200 973 1380 1020 dictum,

70 1031 155 1069 nisi
178 1030 222 1069 id
243 1030 393 1077 modin
440 1032 478 1070 9.
511 1030 660 1069 Mirari
688 1043 743 1078 se,
764 1030 974 1082 quomodo
998 1031 1092 1082 quis
1121 1031 1218 1078 dux,
1241 1031 1377 1082 prius-

71 1100 199 1140 quam
220 1091 294 1126 aut
314 1101 436 1126 suum
457 1092 532 1126 aut
554 1088 736 1126 hostium
759 1089 1003 1135 exercitum,
1026 1087 1210 1126 locorum
1233 1088 1381 1136 situm,

71 1149 268 1183 naturam
308 1145 490 1197 regionis
530 1145 682 1192 nosset,
710 1144 801 1196 jam
842 1158 954 1184 nunc
989 1148 1158 1197 togatus
1194 1145 1236 1182 in
1274 1144 1378 1183 urbe

70 1203 212 1250 sciret,
245 1215 339 1254 quae
380 1202 461 1241 sibi
497 1202 660 1254 agenda
701 1206 861 1241 armato
895 1203 1047 1251 forent,
1086 1204 1149 1241 10.
1183 1206 1226 1240 et
1262 1202 1377 1241 diem

70 1272 238 1311 quoque
261 1259 484 1312 praedicere
510 1263 662 1311 posset,
684 1264 768 1310 qua
793 1272 889 1298 eum
918 1259 1037 1298 hoste
1058 1260 1190 1311 signis
1211 1258 1380 1298 collatis

72 1320 180 1355 esset
196 1316 485 1356 dimicaturus.
555 1319 617 1355 ll.
651 1315 718 1365 Se,
732 1330 824 1368 quae
840 1316 1016 1355 consilia
1032 1317 1166 1368 magis
1187 1330 1252 1355 res
1273 1316 1378 1355 dent

69 1373 327 1422 hominibus,
348 1376 475 1426 quam
498 1374 688 1413 homines
703 1374 838 1421 rebus,
855 1387 903 1413 ea
922 1377 1021 1413 ante
1037 1377 1204 1426 tempus
1226 1375 1380 1413 imma-

69 1434 166 1470 tura
205 1444 288 1469 non
328 1436 650 1483 praecepturum.
713 1430 883 1483 Optare,
930 1434 992 1480 ut,
1033 1444 1127 1484 quae
1167 1432 1288 1470 caute
1328 1444 1378 1470 ac

70 1487 261 1527 consulte
293 1492 412 1540 gesta
453 1492 602 1537 essent,
640 1490 741 1527 satis
781 1490 975 1541 prospere
1014 1490 1244 1528 evenirent.
1309 1491 1376 1527 12.

69 1545 385 1594 Το111011131οῐ11,
420 1550 700 1598 praeterquam
740 1546 852 1598 qu‘od
893 1546 1024 1585 stulta
1057 1547 1126 1590 sit,
1160 1545 1376 1585 infelicem

69 1603 201 1642 etiam
222 1603 274 1642 ad
295 1603 339 1642 id
360 1603 545 1642 locorum
568 1604 708 1642 fuisse.
774 1606 838 1642 13.
872 1603 923 1642 Id
944 1608 1018 1642 5115,
1039 1606 1187 1655 sponte
1204 1616 1379 1655 appare-

68 1660 156 1709 bat,
178 1663 274 1699 tuta
307 1660 511 1700 celeribus
538 1660 724 1700 consiliis
757 1661 1107 1712 praepositurum3
1139 1664 1195 1708 et,
1217 1661 1298 1712 qui)
1330 1660 1376 1700 id

68 1718 332 1757 constantius
363 1721 661 1770 perseveraret,
694 1717 741 1764 Q.
765 1717 921 1757 Fabius
942 1717 1157 1757 Maximus
1189 1718 1248 1756 sic
1279 1730 1376 1757 011111

66 1775 401 1827 proficiscentem
423 1775 675 1827 adloquutus
696 1775 853 1814 fertur:

472 1947 737 1988 CHAPTER
770 1947 978 1987 XXXIX.

196 2048 338 2079 Address
354 2049 390 2078 of
411 2048 448 2082 Q.
468 2047 592 2078 Fabius
617 2047 785 2078 Maximus
802 2052 835 2078 to
850 2046 886 2078 L.
903 2047 1058 2078 AEmilius
1081 2047 1244 2088 (Paulus).

159 2119 194 2155 1.
227 2119 253 2138 “
268 2115 316 2155 SI
337 2118 413 2154 aut
432 2113 653 2166 collegam,
674 2114 718 2153 id
743 2114 854 2166 quod
883 2113 1068 2162 mallem,
1089 2116 1155 2154 tui
1176 2115 1377 2166 similem,

69 2173 118 2213 L.
155 2172 312 2212 Aemili
350 2171 536 2219 haberes,
569 2175 644 2210 aut
673 2175 721 2210 tu
757 2171 926 2224 collegae
966 2172 1031 2210 tui
1068 2185 1173 2211 esses
1207 2173 1376 2222 similis,

66 2242 372 2283 supervacanea
403 2232 511 2268 esset
543 2229 677 2268 oratio
712 2241 833 2276 mea3
876 2231 914 2267 2.
945 2241 1044 2267 113111
1077 2232 1120 2269 et
1159 2230 1241 2269 duo
1273 2230 1374 2270 boni

65 2287 267 2336 consules,
289 2288 421 2326 etiam
450 2299 518 2324 me
548 2286 774 2334 indicente,
795 2287 937 2325 omnia
966 2299 989 2325 e
1018 2299 1063 2326 re
1094 2287 1263 2339 publica
1292 2288 1376 2328 fide

68 2348 209 2385 vestra
231 2344 451 2390 faceretis;
483 2347 526 2382 et
547 2343 648 2382 mali
671 2357 746 2383 nec
767 2356 859 2382 mea
876 2343 1000 2383 verba
1019 2343 1189 2383 auribus
1211 2345 1374 2394 vestris,

66 2415 143 2442 nec
165 2401 338 2441 consilia
359 2401 526 2448 animis,
548 2401 806 2452 acciperetiS.
869 2403 907 2439 3.
938 2400 1063 2440 Nunc
1093 2405 1134 2440 et
1167 2401 1375 2454 collegam

67 2463 189 2499 tuum
222 2463 264 2498 et
300 2463 342 2498 te
379 2458 506 2498 talem
540 2459 676 2496 virum
709 2458 895 2497 intuenti
925 2458 1032 2498 mihi
1062 2463 1204 2498 tecum
1237 2461 1376 2499 omnis
