1621 2718
152 187 204 225 54
449 187 560 224 ΤΙΤΙ
597 187 739 225 LIVH
777 188 1172 226 HISTORIARUM

581 355 849 395 CHAPTER
880 355 1037 394 XLIV.

158 443 222 475 the
248 444 392 475 Romans
417 444 527 474 follow
551 443 720 474 Hannibal
747 454 782 474 as
809 444 860 474 far
883 454 919 474 as
945 443 1074 475 Cannae.
1131 444 1276 485 Eneamp
1305 453 1384 474 near
1409 442 1466 475 the

196 487 333 518 Aufidus
349 486 383 517 in
400 490 463 517 two
479 485 646 523 divisions,
668 497 726 517 one
743 497 782 517 on
808 486 885 518 each
911 486 980 518 side
1006 487 1043 518 of
1062 487 1117 518 the
1142 487 1238 518 river.
1293 486 1465 527 Disagree-

196 533 286 561 ment
301 530 338 561 of
357 529 412 560 the
428 528 682 561 consuls—Re.
701 531 773 561 216.

247 609 282 645 1.
316 605 539 655 CONSULES,
571 608 672 645 satis
709 606 934 658 exploratis
971 608 1211 657 itineribus,
1245 610 1466 660 sequentes

156 664 351 711 Poenum,
365 666 416 702 ut
436 667 610 702 ventum
633 664 684 703 ad
701 664 860 704 Cannas
883 669 945 704 est
967 668 1010 704 et
1030 666 1075 704 in
1095 668 1322 717 conspectu
1341 664 1467 704 Poen-

155 735 229 760 um
265 721 492 769 habebant,
529 721 629 760 bina
661 728 794 761 castra
825 724 1121 761 communiunt
1154 723 1301 761 eodem
1333 722 1466 762 ferme

155 778 394 828 intervallo,
415 792 497 831 quo
529 779 583 818 ad
615 779 863 829 Geronium,
886 781 995 819 sicut
1026 781 1124 819 ante
1154 780 1285 832 copiis
1307 780 1465 819 divisis.

159 838 197 875 2.
241 836 434 875 Aufidius
470 837 618 886 amnis,
655 838 844 889 utrisque
886 838 1030 876 castris
1063 836 1265 886 adfluens,
1301 837 1467 876 aditum

158 894 433 946 aquatoribus
465 908 514 932 ex
547 899 620 934 sua
651 894 852 947 cujusque
874 896 1194 946 opportunitate
1228 895 1342 933 haud
1378 895 1467 933 sine

159 951 388 990 certamine
411 951 550 990 dabat.
615 955 652 991 3.
687 952 750 990 Ex
771 953 1005 991 minoribus
1026 955 1169 991 tamen
1191 953 1351 1000 castris,
1374 965 1467 1004 quae

158 1009 296 1060 posita
316 1012 432 1047 trans
454 1009 673 1048 Aufidium
705 1013 837 1058 erant,
859 1009 1033 1049 liberius
1054 1010 1319 1062 aquabantur
1340 1009 1469 1048 Rom-

158 1066 243 1114 ani,
265 1066 364 1117 quia
399 1067 492 1118 ripa
528 1066 704 1105 ulterior
733 1067 901 1105 nullum
931 1067 1114 1106 habebat
1150 1067 1338 1105 hostium
1362 1080 1469 1119 prae-

160 1123 327 1162 sidium.
390 1126 429 1162 4.
482 1124 700 1163 Hannibal
733 1137 851 1176 spem
890 1127 1080 1172 nanetus,
1121 1124 1223 1163 locis
1264 1124 1375 1163 natis
1416 1124 1468 1163 ad

159 1184 393 1233 equestrem
414 1186 746 1234 pugnam—qua
776 1185 896 1234 parte
918 1182 1073 1221 virium
1104 1182 1287 1221 invictus
1319 1184 1469 1220 erat——

158 1239 344 1277 facturos
361 1240 526 1291 copiam
547 1239 765 1292 pugnandi
788 1239 987 1288 consules,
1005 1240 1155 1291 dirigit
1170 1240 1304 1278 aciem
1321 1239 1471 1278 lacess-

160 1296 279 1348 itque
330 1296 613 1335 Numidarum
665 1297 977 1349 procursatione
1027 1298 1178 1336 hostes.
1273 1298 1311 1336 5.
1364 1297 1470 1336 Inde

160 1367 301 1392 rursus
316 1353 534 1393 sollicitari
551 1354 756 1393 seditione
772 1354 951 1393 militari
968 1368 1015 1393 ac
1029 1354 1237 1393 discordi-a
1251 1354 1470 1393 consulum

160 1410 351 1450 Romana
372 1415 519 1460 castra,
537 1425 667 1463 quum
688 1411 846 1450 Paulus
868 1412 1189 1464 Semproniique
1203 1415 1248 1451 et
1263 1411 1471 1451 Flaminii

160 1469 448 1507 temeritatem
470 1469 661 1517 Varroni,
683 1468 814 1508 Varro
835 1470 1071 1522 speciosum
1091 1469 1257 1508 timidis
1270 1483 1319 1508 ac
1333 1469 1471 1522 segni-

162 1525 239 1564 bus
262 1526 438 1565 ducibus
459 1527 700 1578 exemplum
730 1526 913 1566 Fabium
949 1527 1179 1579 objiceret;
1224 1528 1261 1566 6.
1294 1531 1471 1566 testare-

166 1589 320 1635 turque
342 1584 440 1622 deos
462 1585 738 1636 hominesque
759 1585 854 1632 hic3
896 1584 1069 1623 Nullam
1091 1598 1216 1636 penes
1239 1598 1280 1624 se
1301 1585 1470 1636 culpam

160 1654 260 1688 esse,
283 1641 394 1693 quod
416 1641 634 1681 Hannibal
649 1641 741 1694 jam
761 1642 878 1681 velut
900 1643 1158 1694 usucepisset
1187 1642 1385 1681 Italiam:
1429 1655 1470 1681 se

160 1700 437 1737 constrictum
467 1713 492 1738 a.
523 1699 683 1751 collega
714 1700 861 1749 teneri,
885 1700 1041 1738 ferrum
1062 1703 1191 1752 atque
1213 1713 1329 1739 arma
1351 1700 1472 1738 iratis

159 1758 204 1795 et
238 1769 426 1809 pugnare
461 1757 732 1809 cupientibus
772 1758 903 1796 adimi
938 1757 1176 1805 militibus;
1220 1758 1258 1797 7.
1291 1757 1390 1804 ille3
1426 1756 1468 1797 Si

159 1814 264 1866 quid
286 1814 484 1867 projectis
505 1828 553 1853 ac
574 1815 753 1867 proditis
783 1815 835 1854 ad
867 1815 1149 1854 inconsultam
1181 1819 1308 1867 atque
1330 1815 1473 1866 inpro-

161 1871 303 1910 vidam
335 1885 522 1924 pugnam
557 1872 795 1925 legionibus
831 1873 1053 1921 accideret,
1088 1886 1130 1910 se
1164 1873 1300 1911 omnis
1338 1871 1472 1924 culpae

159 1932 382 1978 exsortem,
424 1930 560 1969 omnis
612 1932 786 1969 eventfis
837 1930 1089 1982 participem
1142 1930 1242 1979 fore,
1294 1929 1470 1968 diceret.

159 1985 350 2037 Videret,
372 1990 434 2036 ut,
457 1987 610 2039 quibus
638 1987 785 2039 lingua
807 1990 1001 2040 prompta
1024 2001 1071 2026 ac
1092 1988 1332 2036 temeraria,
1356 1987 1473 2039 aeque

159 2045 205 2083 in
227 2049 371 2097 pugna
393 2045 585 2097 vigerent
606 2047 766 2085 mansis.
