1621 2718
435 191 604 230 LIBER
637 192 777 230 XXII.
826 192 941 230 CAP.
970 193 1086 233 XIV.
1364 197 1414 235 19

102 303 272 343 antium
285 315 408 355 opem
425 316 435 341 ε
466 315 540 342 nos
555 302 627 341 hic
642 315 840 354 pecorum
861 302 985 342 modo
1007 316 1080 355 per
1096 304 1263 343 aestivos
1283 304 1416 346 saltfis

103 359 328 412 deviasque
364 359 489 399 calles
523 360 757 399 exercitum
793 359 988 399 ducimus
1029 359 1191 399 conditi
1232 361 1415 402 nubibus

104 415 322 468 silvisque.
385 418 423 456 9.
456 416 501 456 Si
532 416 611 455 hoc
642 416 765 456 modo
801 417 1062 470 peragrando
1093 419 1314 457 cacumina
1334 418 1415 458 sal-

104 475 258 526 tiisque
279 473 341 512 M.
359 473 513 513 Furius
533 475 715 526 recipere
737 487 760 513 a
783 474 917 514 Gallis
938 475 1086 514 urbem
1107 474 1320 524 voluisset,
1332 489 1416 528 quo

105 530 177 570 hic
212 543 343 571 novus
377 531 594 579 Camillus,
626 531 746 570 nobis
786 531 969 571 dictator
1010 533 1158 571 unicus
1197 533 1243 571 in
1293 533 1415 572 rebus

104 588 283 628 adfectis
329 589 544 640 quaesitus,
586 588 758 627 Italiam
799 589 852 628 ab
893 589 1133 628 Hannibale
1173 603 1415 642 recuperare

106 649 242 698 parat,
265 644 487 685 Gallorum
509 645 643 685 Roma
664 649 799 693 esset3
846 649 911 685 10.
942 659 1073 698 quam
1094 660 1249 695 vereor,
1266 661 1332 696 ne,
1356 648 1415 686 sic

105 702 407 742 cunctantibus
437 703 570 751 nobis,
602 702 836 742 Hannibali
868 716 915 742 ac
946 703 1089 742 Poenis
1119 704 1247 743 toties
1278 717 1416 743 serva-

106 761 249 799 verint
268 759 447 812 majores
468 761 617 800 nostri.
683 762 747 799 11.
780 759 863 800 Sed
884 761 961 808 vir,
983 774 1031 799 ac
1062 761 1156 799 vere
1186 760 1414 808 Romanus,

104 830 190 870 quo
211 817 280 856 die
301 817 554 857 dictatorem
576 830 675 857 eum
688 831 738 856 ex
753 818 1006 857 auctoritate
1027 821 1197 870 patrum
1211 817 1415 870 jussuque

106 874 253 928 populi
274 875 438 914 dictum
458 874 583 914 Veios
604 874 781 914 allatum
797 878 874 923 est,
890 888 1022 927 quum
1039 878 1146 914 esset
1159 877 1259 914 satis
1279 875 1415 914 altum

106 931 366 981 Janiculum,
388 932 463 971 ubi
495 932 641 972 sedens
672 935 956 985 prospectaret
985 932 1164 981 hostem,
1196 933 1414 972 descendit

64 1014 67 1017 -
108 989 155 1028 in
175 1002 343 1042 aequum
364 993 490 1042 atque
511 990 585 1029 illo
607 991 696 1042 ipso
717 990 785 1029 die
807 989 947 1029 media
977 991 1023 1028 in
1053 990 1169 1037 urbe,
1191 992 1274 1041 qua
1303 1003 1414 1029 nunc

107 1046 232 1086 busta
254 1046 419 1086 Gallica
440 1051 552 1096 sunt,
575 1051 619 1087 et
640 1051 805 1099 postero
836 1047 906 1086 die
936 1048 1043 1086 citra
1065 1047 1235 1095 Gabios,
1258 1047 1415 1086 cecidit

108 1103 331 1144 Gallorum
371 1105 571 1157 legiones.
643 1107 706 1143 12.
760 1104 903 1152 Quid?
953 1108 1048 1157 post
1089 1105 1245 1143 multos
1285 1117 1415 1143 annos

106 1174 238 1213 quum
252 1161 304 1200 ad
322 1161 523 1201 Furculas
540 1161 746 1202 Caudinas
759 1162 811 1201 ab
828 1163 1018 1202 Samnite
1031 1162 1150 1201 hoste
1164 1161 1241 1201 sub
1256 1161 1412 1214 jugum

106 1219 224 1257 missi
257 1232 413 1267 sumus,
435 1221 579 1258 utrum
616 1219 788 1258 tandem
821 1219 868 1258 L.
902 1219 1094 1271 Papirius
1128 1219 1278 1259 Cursor
1307 1219 1413 1271 juga

108 1275 270 1315 Samnii
291 1276 594 1328 perlustrando,
617 1289 669 1315 an
701 1276 922 1315 Luceriam
958 1277 1185 1329 premendo
1221 1275 1415 1315 obsiden-

107 1333 260 1385 doque,
294 1337 337 1373 et
372 1333 608 1373 lacessendo
644 1335 847 1373 victorem
887 1333 1066 1382 hostem,
1102 1333 1323 1386 depulsum
1360 1333 1414 1372 ab

107 1390 308 1430 Romanis
335 1391 566 1430 cervicibus
596 1391 752 1443 jugum
774 1391 950 1443 superbo
972 1390 1155 1431 Samniti
1178 1390 1414 1443 imposuit?

111 1449 177 1487 13.
210 1448 338 1487 Modo
361 1447 404 1488 C.
420 1448 594 1488 Lutatio
615 1462 708 1501 quae
729 1449 812 1488 alia
831 1462 894 1488 res
907 1450 1034 1501 quam
1051 1448 1241 1487 celeritas
1262 1449 1414 1487 victor-

106 1505 194 1545 iam
211 1505 344 1555 dedit,
361 1506 471 1559 quod
484 1509 650 1559 postero
671 1506 753 1555 die,
770 1508 898 1558 quam
919 1506 1083 1545 hostem
1104 1506 1227 1554 vidit,
1242 1505 1415 1544 classem

105 1575 277 1616 gravem
299 1564 615 1612 commeatibus,
635 1564 887 1616 impeditam
917 1567 1083 1603 suomet
1104 1564 1238 1614 ipsam
1259 1564 1414 1602 instru-

106 1625 250 1660 mento
291 1625 418 1674 atque
452 1625 671 1674 apparatu,
713 1621 952 1674 oppressit?
1017 1623 1082 1660 14.
1115 1620 1313 1661 Stultitia
1352 1624 1415 1660 est

106 1678 288 1717 sedendo
309 1682 384 1718 aut
404 1679 514 1718 votis
535 1678 739 1718 debellari
771 1679 937 1717 credere
964 1691 1081 1730 posse
1099 1692 1108 1717 :
1140 1691 1256 1717 arma
1277 1679 1415 1730 capias

107 1738 273 1788 oportet
294 1739 338 1775 et
350 1736 574 1775 descendas
586 1737 632 1774 in
649 1749 817 1788 aequum
835 1740 892 1785 et,
908 1736 973 1774 vir
987 1749 1084 1774 cum
1097 1736 1201 1782 viro,
1215 1736 1414 1787 congred-

106 1793 234 1832 iaris:
266 1793 457 1832 audendo
489 1796 615 1845 atque
655 1793 817 1845 agendo
849 1806 911 1832 res
942 1793 1132 1832 Romana
1162 1794 1308 1841 crevit,
1331 1805 1413 1831 non

106 1850 172 1889 his
193 1850 391 1901 segnibus
411 1850 610 1899 consiliis,
633 1863 727 1903 quae
762 1850 906 1889 timidi
941 1854 1064 1889 cauta
1095 1849 1284 1889 vocant.”
1348 1851 1414 1889 15.

106 1906 211 1947 Haec
232 1907 351 1948 velut
371 1908 640 1947 concionanti
661 1908 852 1947 Minucio
874 1907 1288 1947 circumfundebatur
1309 1907 1417 1947 trib-

105 1977 285 2004 unorum
326 1966 603 2018 equitumque
645 1965 931 2004 Romanorum
983 1965 1231 2013 multitudo,
1268 1967 1311 2004 et
1361 1964 1414 2004 ad

104 2035 225 2061 aures
246 2035 410 2076 quoque
430 2022 618 2062 militum
640 2023 754 2062 dicta
775 2023 929 2062 ferocia
948 2022 1274 2069 evolvebantur;
1296 2036 1358 2071 ac,
1381 2022 1414 2061 si

105 2079 307 2119 militaris
328 2080 518 2133 suffragii
540 2094 604 2120 res
626 2084 747 2129 esset,
764 2080 875 2120 haud
898 2079 1025 2120 dubie
1038 2079 1228 2119 ferebant
1244 2079 1414 2118 Minuc-

105 2136 198 2177 ium
219 2137 354 2177 Fabio
375 2138 475 2178 duci
496 2137 754 2191 praelaturos.
