1621 2718
192 185 242 223 74
494 185 608 224 ΤΙΤΙ
644 186 785 224 LIVII
822 187 1218 227 HISTORIARUM

191 297 409 336 servitutis
442 297 735 350 ignominiosae
765 311 931 339 causam
964 311 1052 338 esse
1082 299 1230 339 sciant.
1293 301 1360 338 22.
1393 298 1505 338 Mal-

194 356 348 392 uerunt
377 355 422 393 in
453 356 650 394 tentoriis
671 356 852 396 latentes
883 355 1010 394 simul
1030 355 1170 395 lucem
1190 359 1318 409 atque
1338 356 1503 396 hostem

193 415 445 462 exspectare,
462 425 595 464 quum
608 413 777 453 silentio
793 413 930 452 noctis
943 414 1191 464 erumpendi
1208 414 1367 453 occasio
1381 418 1504 453 esset.

194 468 250 507 At
279 469 396 507 enim
423 469 476 508 ad
507 471 815 523 erumpendum
845 484 868 509 e
896 471 1043 509 castris
1067 470 1206 509 defuit
1235 471 1415 519 animus,
1451 470 1507 510 ad

195 526 372 564 tutanda
408 526 577 565 fortiter
613 531 747 567 castra
776 529 968 567 animum
989 527 1240 567 habuerunt.
1303 530 1370 567 23.
1402 527 1509 567 Dies

194 586 421 635 noctesque
452 583 616 635 aliquot
646 585 801 624 obsessi
829 584 990 624 vallum
1020 586 1162 633 armis,
1193 598 1235 624 se
1261 585 1344 638 ipsi
1370 586 1505 624 tutati

194 639 304 678 vallo
327 643 449 689 sunt3
482 641 654 681 tandem
677 642 830 682 ultima
857 643 948 682 ausi
969 643 1175 694 passique,
1201 656 1334 695 quum
1362 643 1512 682 omnia

193 697 381 736 subsidia
402 699 503 738 vitae
539 698 745 747 deessent,
777 700 1037 752 adfectisque
1069 700 1180 739 fame
1208 700 1368 739 viribus
1389 713 1513 739 arma,

189 753 281 807 jam
302 756 508 794 sustinere
530 758 768 809 nequirent,
790 757 1110 797 necessitatibus
1138 758 1272 809 magis
1292 757 1511 806 humanis,

193 814 321 864 quam
343 814 483 861 armis,
504 814 608 853 victi
630 819 741 854 sunt.
785 817 852 854 24.
885 814 988 854 Orto
1010 814 1094 854 sole
1116 815 1249 854 hostis
1269 815 1322 854 ad
1343 814 1506 854 vallum

194 871 369 909 accessit
387 885 396 917 3
418 874 517 910 ante
539 873 764 911 secundam
785 873 932 911 horam
951 872 1113 911 nullam
1133 872 1349 911 fortunam
1371 875 1513 911 certa--

193 927 322 966 minis
346 929 524 980 experti,
546 929 816 968 tradiderunt
840 943 956 968 arma
976 943 1023 968 ac
1045 943 1086 968 se
1108 929 1231 981 ipsos.
1295 931 1362 968 25.
1400 929 1504 969 Haec

194 984 313 1023 vobis
334 986 512 1024 istorum
532 999 606 1038 per
638 986 816 1025 biduum
848 987 1008 1025 militia
1028 987 1125 1026 fuit.
1188 986 1328 1033 Quum
1347 987 1393 1025 in
1413 987 1511 1026 acie-

194 1045 303 1081 stare
340 1055 388 1080 ac
423 1056 609 1094 pugnare
642 1044 854 1093 decuerat,
888 1048 982 1083 tum
1002 1045 1048 1083 in
1070 1047 1204 1083 castra
1232 1044 1478 1096 refugerunt
1492 1058 1510 1092 3.

193 1112 325 1152 quum
356 1113 431 1152 pro
464 1101 572 1139 vallo
603 1102 881 1154 pugnandum
922 1105 1024 1151 erat,
1056 1105 1190 1141 castra
1222 1101 1511 1150 tradiderunt,

194 1170 331 1209 neque
353 1159 399 1196 in
420 1159 509 1197 acie
530 1171 667 1211 neque
682 1160 727 1197 in
741 1160 887 1198 castris
899 1159 1042 1198 utiles.
1081 1159 1148 1198 26.
1166 1159 1250 1198 Vos
1266 1159 1504 1199 redimam?

194 1228 326 1267 quum
347 1228 564 1268 erumpere
581 1217 727 1255 castris
750 1220 930 1269 oportet,
953 1217 1213 1256 cunctamini
1234 1230 1282 1256 ac
1302 1217 1482 1256 manetis
1494 1231 1511 1264 3.

194 1286 326 1325 quum
346 1286 529 1321 manere,
551 1278 686 1313 castra
705 1275 838 1313 tutari
859 1275 1000 1321 armis,
1021 1287 1187 1313 necesse
1208 1278 1285 1322 est,
1307 1278 1351 1313 et
1373 1277 1504 1314 castra

195 1334 238 1370 et
259 1344 375 1369 arma
397 1334 442 1369 et
461 1344 533 1370 vos
555 1332 666 1384 ipsos
688 1332 857 1372 traditis
878 1333 1003 1371 hosti.
1055 1333 1122 1372 27.
1155 1332 1247 1385 Ego
1264 1344 1348 1371 non
1369 1332 1511 1384 magis

193 1389 296 1427 istos
324 1388 603 1437 redimendos,
640 1393 778 1441 patres
812 1390 1052 1442 conscripti,
1075 1403 1237 1438 censeo,
1259 1391 1388 1442 quam
1409 1389 1503 1430 illos¹

194 1446 404 1485 dedendos
440 1445 687 1495 Hannibali,
718 1448 792 1499 qui
825 1461 900 1499 per
934 1448 1096 1486 medios
1127 1447 1267 1486 hostes
1298 1460 1321 1486 e
1357 1447 1513 1486 castris

194 1506 437 1555 eruperunt,
466 1517 513 1542 ac
546 1517 620 1556 per
649 1518 858 1544 summam
879 1505 1087 1544 virtutem
1113 1518 1154 1544 se
1185 1505 1334 1557 patriae
1360 1505 1511 1544 restit-

193 1560 384 1599 uerunt.”

639 1714 905 1755 CHAPTER
942 1714 1057 1753 LXI.

191 1804 260 1836 The
276 1807 392 1836 Senate
407 1803 603 1835 determines
621 1809 677 1835 not
692 1808 725 1835 to
742 1814 871 1834 ransom
892 1803 948 1834 the
971 1803 1123 1844 captives.
1169 1803 1238 1834 The
1261 1803 1408 1845 delegate
1432 1804 1513 1837 who

234 1847 299 1879 had
314 1847 466 1879 returned
491 1847 560 1878 into
576 1846 771 1878 Hannibal's
787 1857 880 1887 camp
895 1846 998 1877 under
1013 1857 1032 1877 a.
1048 1846 1130 1877 false
1152 1852 1289 1886 pretext,
1306 1847 1447 1878 remains
1470 1848 1506 1880 in

233 1891 335 1922 Rome
351 1902 387 1922 as
412 1891 442 1922 if
461 1891 502 1921 ho
526 1890 590 1921 had
617 1890 759 1921 fulfilled
775 1890 826 1921 his
843 1890 929 1921 oath.
974 1890 1043 1920 The
1067 1889 1183 1920 senate
1209 1890 1304 1921 order
1325 1890 1392 1921 him
1408 1895 1442 1922 to
1465 1891 1514 1923 be-

232 1934 328 1975 given
353 1945 399 1975 up
421 1938 455 1965 to
480 1933 661 1965 Hannibal.
707 1933 856 1964 Another
881 1937 1016 1964 account.
1040 1932 1222 1973 respecting
1246 1933 1302 1964 the
1328 1933 1502 1974 delegatos.

233 1977 402 2008 Defection
420 1978 457 2008 of
477 1987 650 2007 numerous
666 1976 771 2007 allies.
818 1976 868 2007 No
885 1976 1037 2011 mention,
1055 1975 1210 2012 however,
1228 1976 1322 2007 made
1338 1977 1376 2008 of
1397 1987 1502 2017 peace.

234 2020 283 2052 On
301 2020 430 2052 Varro’s
445 2025 556 2051 return
573 2026 607 2051 to
623 2020 677 2050 the
702 2019 767 2059 city
783 2030 856 2049 men
885 2020 921 2049 of
940 2019 987 2049 ull
1004 2019 1102 2049 ranks
1119 2028 1160 2058 go
1184 2024 1241 2050 out
1257 2023 1290 2050 to
1317 2027 1397 2050 meet
1424 2019 1502 2057 him,

232 2063 296 2095 and
311 2064 433 2095 thanks
450 2074 504 2094 are
526 2062 621 2103 given
638 2062 706 2093 him
733 2063 784 2093 for
800 2068 856 2093 not
883 2061 1004 2102 having
1028 2061 1196 2102 despaired
1221 2063 1258 2093 of
1278 2063 1333 2093 the
1358 2063 1503 2094 State.—

231 2117 293 2139 13.c.
311 2108 384 2138 216.

279 2198 315 2235 1.
350 2196 574 2242 POSTQUAM
623 2194 811 2234 Manlius
853 2195 977 2242 dixit,
1018 2207 1275 2246 quamquam
1331 2197 1501 2246 patrum

188 2267 354 2307 quoque
375 2253 598 2306 plerosque
619 2253 778 2305 captivi
800 2253 1051 2305 cognatione
1079 2252 1366 2304 attingebant,
1394 2265 1502 2304 prae-

188 2314 253 2351 ter
285 2311 525 2363 exemplum
559 2311 747 2350 civitatis
779 2311 956 2349 minime
987 2310 1031 2348 in
1064 2310 1251 2362 captivos
1280 2309 1371 2362 jam
1400 2310 1511 2349 inde-

187 2370 425 2421 antiquitus
471 2368 748 2421 indiilgentiS‚
811 2370 848 2407 2.
897 2367 1087 2420 pecuniae
1127 2380 1294 2419 quoque
1335 2380 1499 2407 summa

186 2426 377 2467 homines
413 2427 562 2474 movit,
598 2431 682 2479 qui-1.
722 2439 798 2465 nec
839 2426 1032 2465 aerarium
1064 2425 1502 2477 exhaurire—magna

180 2483 272 2538 jam
314 2489 476 2524 summz’i
513 2487 684 2537 erogati-2
720 2484 764 2522 in
799 2496 936 2523 servos
969 2483 1021 2522 ad
1063 2482 1265 2521 militiam
1299 2483 1511 2521 emendos»
