1621 2718
441 191 611 228 LIBER
646 191 784 228 XXII.
842 193 958 228 OAP.
988 193 1103 231 XVI.
1383 200 1429 237 21

125 315 221 342 cum
243 301 494 354 fatigatione
524 314 727 353 equorum
761 303 887 353 atque
924 301 1147 342 hominum
1178 305 1435 356 pertrahere.

127 361 166 399 8.
199 358 304 398 Inde
326 358 536 407 Carthalo,
559 371 684 411 penes
706 371 832 410 quem
854 372 1017 398 summa
1037 362 1240 412 equestris
1261 363 1431 414 imperii

126 420 230 463 erat,
262 416 485 456 concitatis
506 417 623 468 equis
655 416 859 464 invectus,
891 429 1023 469 quum
1055 419 1184 470 prins,
1221 420 1347 471 quam
1378 421 1429 459 ad

125 473 364 526 conjectum
386 473 461 513 teli
485 474 658 521 veniret,
680 474 898 513 avertisset
917 474 1069 523 hostes,
1091 477 1279 529 quinque
1301 476 1433 516 ferme

125 530 264 570 millia
284 531 519 570 continenti
535 544 657 569 cursu
671 534 871 582 sequutus
891 535 954 570 est
975 532 1199 584 fugientes.
1238 535 1276 573 9.
1310 533 1432 573 Man-

126 589 260 637 cinus,
281 591 502 640 postquam
524 600 600 626 nec
630 587 794 626 hostem
825 588 1022 628 desistere
1053 591 1170 642 sequi
1206 603 1283 630 nec
1316 604 1431 643 spem

126 645 238 685 vidit
257 645 493 697 effugiendi
514 658 613 693 esse,
635 645 875 684 cohortatus
897 658 988 685 suos
1011 647 1054 685 in
1076 647 1272 699 proelium
1289 649 1435 696 rediit,

127 703 241 741 omni
263 706 381 754 parte
412 702 568 740 virium
600 703 749 754 impar.
815 703 879 741 10.
913 702 1062 755 Itaque
1094 705 1182 756 ipse
1213 709 1257 745 et
1277 705 1430 745 delecti

126 760 319 812 equitum
350 760 626 798 circumventi
659 759 934 806 occiduntur3
976 764 1103 800 ceteri
1134 762 1263 802 effuso
1294 776 1434 801 rursus

126 830 248 856 cursu
271 815 388 857 Cales
410 817 609 868 primum,
631 816 729 855 inde
750 829 878 869 prope
901 818 1028 857 inviis
1051 817 1229 858 callibus
1260 819 1312 858 ad
1343 820 1434 859 dic-

129 877 307 913 tatorem
330 874 618 926 perfugerunt.

219 933 282 971 11.
316 931 378 970 Eo
419 931 527 970 forte
560 931 629 970 die
656 930 872 971 Minucius
908 946 951 971 se
978 933 1253 986 conjunxerat
1285 933 1434 981 Fabio,

76 1005 80 1009 ·
126 989 274 1028 missus
296 988 348 1027 ad
371 988 623 1027 firmandum
644 989 838 1041 praesidio
859 989 1027 1037 saltum,
1049 991 1122 1043 qui
1144 1004 1266 1043 super
1287 991 1435 1030 Tarra-

125 1047 265 1085 cinam
300 1047 344 1084 in
380 1050 491 1085 artas
527 1049 695 1085 coactus
729 1046 867 1086 fauces
900 1048 1100 1087 imminet
1132 1049 1254 1096 mari,
1287 1061 1339 1088 ne
1380 1048 1436 1087 ab

125 1102 323 1143 Sinuessa
363 1103 518 1142 Poenus
558 1104 707 1156 Appiae
747 1103 886 1144 limite
931 1106 1146 1157 pervenire
1191 1106 1237 1144 in
1283 1118 1432 1158 agrum

125 1160 362 1200 Romanum
394 1164 544 1212 posset.
607 1160 852 1213 Conjunctis
884 1163 1140 1202 exercitibus
1171 1162 1354 1202 dictator
1385 1175 1436 1202 ac

124 1219 326 1270 magister
343 1219 537 1270 equitum
555 1223 689 1257 castra
705 1219 749 1257 in
767 1219 879 1257 viam
893 1219 1101 1267 deferunt,
1118 1225 1202 1272 qua
1218 1219 1434 1259 Hannibal

124 1275 326 1314 ducturus
348 1279 450 1314 erat.
511 1275 605 1314 Duo
628 1275 726 1315 inde
747 1275 885 1315 millia
905 1276 1043 1316 hostes
1065 1277 1252 1316 aberant.

571 1457 837 1497 CHAPTER
865 1457 982 1497 XVI.

123 1547 302 1585 Hannibal,
319 1547 438 1578 unable
465 1552 498 1578 to
525 1546 677 1583 advance‚
694 1552 849 1588 attempts
877 1552 910 1578 to
938 1548 1095 1579 extricato
1119 1548 1254 1579 himself
1273 1548 1357 1579 from
1382 1547 1436 1579 his

354 1590 534 1631 ‹langerous
550 1590 691 1632 position
710 1591 752 1630 by
768 1601 786 1621 a
802 1596 1095 1630 stratagem.—n.e.
1118 1593 1190 1624 217.

206 1670 242 1708 1.
274 1668 463 1708 Posmno
479 1667 547 1708 die
564 1667 701 1715 Poeni,
719 1667 831 1720 quod
848 1669 926 1708 viae
939 1668 1051 1706 inter
1065 1668 1165 1707 bina
1181 1670 1315 1707 castra
1329 1672 1434 1717 erat,

121 1727 290 1779 agmine
304 1725 576 1778 complevere.
622 1728 660 1764 2.
694 1725 831 1772 Quum
853 1724 1032 1764 Romani
1050 1725 1127 1765 sub
1144 1726 1234 1777 ipso
1256 1726 1432 1765 constit-

121 1784 254 1823 issent
273 1782 397 1831 vallo,
428 1783 541 1822 haud
573 1782 702 1822 dubie
723 1783 904 1835 aequiore
934 1782 1038 1831 loco,
1061 1783 1258 1822 successit
1288 1785 1430 1822 tamen

120 1840 275 1880 Poenus
297 1854 392 1879 cum
413 1840 621 1893 expeditis
643 1840 858 1892 peditibus
880 1840 1178 1892 equitibusque
1199 1839 1252 1879 ad
1284 1839 1430 1879 lacess-

120 1899 277 1938 endum
299 1897 477 1938 hostem.
541 1897 730 1950 Carptim
753 1897 874 1937 Poeni
911 1901 954 1936 et
987 1897 1266 1950 procursando
1297 1898 1430 1949 recip-

121 1955 326 2008 iendoque
364 1968 450 1995 sese
484 1968 735 2008 pugnavere.
797 1955 977 1994 Restitit
1008 1968 1080 1994 suo
1114 1955 1204 1994 loco
1244 1954 1431 1994 Romana

119 2014 241 2053 acies.
305 2015 343 2052 3.
376 2012 512 2052 Lenta
543 2026 685 2065 pugna
716 2016 759 2052 et
790 2026 840 2052 ex
871 2012 1089 2052 dictatoris
1120 2013 1270 2065 magis,
1301 2013 1431 2064 quam

122 2070 390 2119 Hannibalis,
442 2071 528 2110 fuit
564 2070 793 2109 voluntate.
875 2070 1058 2109 Ducenti
1109 2070 1162 2109 ab
1213 2069 1431 2118 Romanis,

121 2129 358 2180 octingenti
391 2128 595 2177 hostium,
618 2127 817 2167 cecidere.
881 2131 918 2166 4.
952 2127 1143 2166 Inclusus
1175 2127 1274 2166 inde
1297 2126 1431 2166 videri

120 2185 352 2234 Hannibal,
375 2187 444 2225 via
475 2186 527 2225 ad
557 2184 792 2225 Casilinum
821 2185 1012 2232 obsessz‘i3
1053 2197 1184 2237 quum
1213 2183 1356 2236 Capua
1386 2188 1430 2223 et

119 2242 340 2283 Samnium
357 2251 400 2282 et
417 2246 584 2282 tantum
601 2243 654 2282 ab
670 2246 789 2295 tergo
806 2243 990 2282 divitum
1006 2243 1213 2281 sociorum
1227 2241 1433 2281 Romanis-

118 2302 379 2340 commeatus
401 2300 648 2340 subveheret
666 2314 676 2348 ;
707 2300 862 2340 Poenus
884 2301 994 2339 inter
1017 2299 1243 2339 Formiana
1265 2312 1361 2338 saxa
1381 2312 1432 2338 ac

118 2357 285 2397 Literni
307 2371 450 2398 arenas
471 2361 703 2410 stagnaque
735 2360 778 2397 et
807 2357 1068 2410 perhorridas
1089 2356 1214 2396 silvas
1234 2356 1431 2396 hiberna-

119 2419 237 2455 turus
258 2419 378 2455 esset.
441 2417 479 2455 5.
512 2415 600 2455 Nec
621 2414 908 2454 Hannibalem
929 2414 1083 2454 fefellit
1103 2414 1188 2454 suis
1206 2427 1247 2454 se
1268 2413 1432 2453 artibus

119 2473 220 2525 peti.
284 2473 434 2525 Itaque.
456 2486 586 2526 quum
608 2486 681 2525 per
703 2472 934 2513 Casilinum
965 2471 1139 2512 evadere
1170 2484 1254 2511 non
1276 2474 1432 2524 posset,
