1621 2718
190 194 240 230 32
481 193 591 230 TIT]
631 190 771 229 LIVH
812 192 1210 230 HISTORIARUM

191 303 428 342 cunctando
460 302 618 341 bellum
648 302 834 354 gerebat,
856 306 1149 354 receperatque
1181 316 1274 341 suos
1294 304 1341 341 in
1361 304 1502 355 priora

191 364 443 412 castra,quae
457 373 531 412 pro
541 359 697 398 Geroni
713 360 922 398 moenibus
935 363 1067 398 erant.
1105 362 1169 398 11.
1201 359 1228 398 J
1232 362 1326 399 usta
1335 373 1502 412 quoque

192 418 281 456 acie
298 421 340 456 et
361 417 525 456 collatis
547 417 677 468 signis
699 417 950 455 dimicatum
971 417 1144 467 quidam
1165 420 1352 456 auctores
1374 420 1472 456 sunt
1489 431 1499 456 ε

191 475 330 526 primo
362 487 564 513 concursu
584 474 764 512 Poenum
794 486 924 524 usque
945 473 998 511 ad
1026 476 1160 512 castra
1190 474 1356 522 fusum3
1386 474 1499 523 inde,

192 532 412 583 eruptione
436 533 562 578 facta,
588 534 758 582 repente
784 543 950 569 versum
980 533 1181 570 terrorem
1202 531 1248 569 in
1271 531 1499 579 Romanos3

193 588 388 627 Numerii
418 588 602 626 Decimii
635 587 840 627 Samnitis
865 587 1016 626 deinde
1037 588 1282 626 interventu
1302 589 1501 640 proelium

192 646 452 684 restitutum.
496 647 560 683 12.
594 645 733 693 Hunc,
754 645 989 697 principem
1009 658 1162 697 genere
1177 659 1224 684 ac
1240 645 1403 684 divitiis
1415 658 1501 685 non

192 702 372 741 Boviani
388 702 644 750 modo,unde
659 703 841 749 erat,sed
856 698 945 741 toto
961 702 1146 752 Samnio,
1153 702 1501 755 jussudictatoris

193 763 285 798 octo
300 759 438 798 millia
452 760 645 812 peditum
661 763 704 798 et
721 760 883 811 equites
896 761 1150 812 quingentos
1166 760 1445 799 adducentem
1455 761 1500 799 in

193 820 341 865 castra,
363 817 416 856 ab
447 822 565 869 tergo
586 830 717 869 quum
748 818 1010 871 apparuisset
1042 817 1289 865 Hannibali,
1319 819 1501 870 speciem

191 876 304 926 parti
335 875 505 926 utrique
532 874 761 926 *praebuisse
782 875 880 913 novi
902 875 1086 926 praesidii
1107 889 1203 914 cum
1225 875 1272 922 Q.
1294 875 1426 914 Fabio
1448 875 1501 914 ab

192 931 328 971 Rom-:2
354 933 576 970 venientis.
642 934 707 971 13.
740 932 1022 971 Hannibalem
1053 932 1304 971 insidiarum
1335 945 1498 984 quoque

191 988 351 1041 aliquid
368 990 593 1028 timentem
610 989 812 1041 recepisse
829 1002 942 1036 suos3
957 989 1195 1028 Romanum
1209 990 1499 1042 insequutum,

192 1046 420 1098 adjuvante
465 1045 670 1095 Samnite,
708 1046 790 1085 duo
832 1046 1005 1090 castella
1041 1060 1088 1085 eo
1125 1047 1193 1085 die
1229 1046 1500 1099 expugnasse.

196 1105 261 1142 14.
296 1102 376 1143 Sex
406 1103 546 1142 millia
566 1103 755 1142 hostium
777 1117 894 1151 caesa,
915 1104 1103 1155 quinque
1124 1099 1353 1143 admodum
1374 1104 1502 1143 Rom-

190 1173 366 1199 anorum
389 1176 398 1200 2
463 1163 606 1199 tamen
646 1161 691 1199 in
733 1166 822 1199 tam
872 1162 963 1213 pari
1013 1162 1143 1214 prope
1185 1161 1303 1200 clade
1344 1162 1501 1200 famam

189 1219 372 1270 egregiae
387 1218 574 1258 victoriae
587 1232 684 1257 cum
698 1218 938 1257 vanioribus
952 1218 1086 1257 literis
1100 1219 1295 1272 magistri
1309 1219 1503 1271 equitum

190 1274 369 1314 Romam
392 1275 610 1328 perlatam.

632 1419 899 1459 CHAPTER
930 1419 1066 1457 XXV.

190 1509 311 1550 Speech
328 1509 364 1540 of
383 1509 430 1540 M.
458 1508 625 1545 Metellus,
641 1518 662 1539 a
685 1508 829 1538 Tribune
845 1508 881 1539 of
900 1508 955 1538 the
979 1507 1103 1548 people,
1120 1507 1250 1547 against
1276 1506 1409 1538 Fabius,
1455 1507 1504 1541 M.

242 1552 367 1583 Atilius
384 1552 529 1592 Regulus
545 1551 674 1582 created
691 1551 822 1582 Consul.
869 1551 926 1582 Cn.
943 1550 1115 1582 Terentius
1132 1550 1352 1582 Varro.——B.c.
1371 1551 1444 1584 217.

281 1633 317 1668 1.
350 1630 416 1668 DE
436 1630 489 1669 iis
510 1629 635 1668 rebus
656 1642 841 1681 persaepe
863 1632 908 1668 et
928 1629 973 1667 in
995 1631 1146 1668 senatu
1168 1631 1211 1668 et
1231 1629 1278 1667 in
1299 1630 1503 1671 concione

187 1691 334 1727 actum
376 1690 451 1726 est.
516 1689 553 1726 2.
587 1686 742 1734 Quum,
784 1686 895 1725 laeta
937 1687 1127 1734 civitate,
1169 1686 1353 1725 dict-ator
1394 1699 1504 1726 unus

187 1746 299 1785 nihil
328 1758 406 1784 nec
438 1745 561 1783 famae
590 1757 669 1783 nec
699 1744 837 1782 literis
870 1744 1057 1782 crederet
1087 1747 1137 1792 et,
1159 1747 1210 1782 ut
1234 1757 1331 1782 vera
1362 1744 1505 1783 omnia

189 1806 343 1850 essent,
365 1802 546 1841 secunda
568 1815 609 1840 se
631 1802 780 1853 magis,
804 1803 932 1853 quam
949 1801 1134 1849 adversa,
1156 1802 1308 1840 timere
1329 1801 1504 1850 diceret,

189 1863 228 1900 3.
260 1862 356 1899 tum
376 1859 438 1898 M.
461 1859 679 1907 Metellus,
701 1858 899 1897 tribunus
922 1858 1071 1911 plebis,
1086 1859 1130 1897 id
1153 1859 1268 1897 enim
1282 1859 1503 1897 serendum

187 1931 275 1957 esse
295 1919 448 1969 negat:
491 1919 531 1955 4.
563 1929 648 1955 non
669 1920 919 1968 praesentem
935 1915 1070 1955 solum
1084 1916 1335 1955 dictatorem
1353 1916 1505 1955 obstit-

186 1975 267 2014 isse
309 1975 371 2013 rei
411 1975 516 2013 bene
564 1974 769 2026 gerendae,
812 1973 883 2012 sed
923 1973 1140 2012 absentem
1191 1974 1322 2012 etiam
1373 1976 1503 2025 gestae

187 2032 355 2072 obstare
374 2047 384 2080 3
415 2034 459 2070 et
480 2032 525 2070 in
547 2031 737 2070 ducendo
759 2030 870 2069 bello
892 2030 1035 2070 sedulo
1058 2033 1225 2083 tempus
1247 2033 1396 2078 terere,
1418 2031 1502 2082 quo

190 2090 352 2129 diutius
374 2090 419 2128 in
440 2089 693 2141 magistratu
714 2089 784 2135 sit,
805 2087 998 2140 solusque
1020 2091 1063 2126 et
1084 2088 1228 2127 Romae
1244 2092 1287 2127 et
1303 2088 1347 2126 in
1364 2101 1505 2127 exerc-

189 2149 254 2187 itu
298 2147 528 2200 imperium
563 2146 729 2185 habeat.
791 2146 830 2184 ἔ).
864 2145 1029 2198 Quippe
1061 2145 1280 2184 consulum
1319 2145 1504 2185 alterum

190 2206 234 2244 in
274 2205 364 2244 acie
401 2204 613 2251 cecidisse,
654 2203 835 2242 alterum
867 2204 1003 2255 specie
1034 2203 1174 2242 classis
1206 2203 1379 2243 Punicae
1410 2216 1505 2255 per-

187 2263 409 2314 sequendae
427 2261 572 2314 procul
594 2262 647 2301 ab
667 2261 797 2300 Italia
811 2261 1054 2313 ablegatum
1073 2276 1082 2309 3
1117 2261 1154 2300 6.
1187 2261 1290 2300 duos
1306 2263 1504 2313 praetores

187 2320 338 2360 Sicilia
378 2322 506 2371 atque
547 2319 744 2359 Sardinia
785 2322 1022 2370 occupatos,
1059 2332 1191 2370 quum
1232 2320 1384 2358 neutra
1425 2318 1504 2357 hoc

187 2380 379 2430 tempore
395 2378 613 2430 provincia
627 2379 803 2429 praetore
821 2380 955 2427 egeat.
998 2375 1059 2415 M.
1077 2376 1333 2424 Minucium,
1348 2376 1504 2428 magis-

187 2439 303 2474 trum
325 2435 535 2488 equitum,
557 2448 609 2473 ne
641 2435 806 2473 hostem
830 2434 1006 2481 videret,
1029 2447 1081 2472 ne
1113 2433 1215 2485 quid
1247 2435 1306 2472 rei
1340 2433 1504 2473 bellieae

185 2497 365 2546 gereret,
386 2494 516 2545 prope
538 2493 583 2531 in
615 2492 850 2530 custodiam
884 2491 1092 2530 habitum.
1156 2492 1194 2531 7.
1228 2491 1379 2544 Itaque
1410 2491 1505 2530 her-

186 2551 279 2590 cule
315 2564 399 2589 non
438 2551 659 2589 Samnium
704 2549 840 2593 modi),
878 2563 959 2600 qu.)
991 2549 1096 2600 jam,
1130 2551 1350 2600 tamquam
1389 2553 1505 2587 trans
