1621 2718
163 205 220 243 40
472 204 591 241 ΤΙΤΙ
626 203 765 240 LIVII
793 201 1182 239 HISTORIARUM

259 317 297 353 8.
330 313 532 354 Omnium
562 311 881 366 propeannales
911 311 1092 350 Fabium
1123 310 1373 350 dictatorem
1403 311 1476 350 ad-

169 385 313 411 versus
336 370 621 409 Hannibalem
642 383 731 407 rem
752 369 923 420 gessisse
945 368 1134 415 tradunt,
1157 367 1312 407 Coelius
1344 369 1477 407 etiam

167 442 269 468 eum
290 429 476 481 primum
497 441 521 466 a
552 426 707 478 populo
728 430 916 464 creatum
938 425 1192 463 dictatorem
1214 426 1373 464 scribit.
1436 426 1476 463 9.

171 486 255 526 Sed
276 489 319 525 et
341 485 522 524 Coelium
543 488 586 522 et
606 487 764 521 ceteros
785 483 898 534 fugit
914 482 988 519 uni
1010 481 1171 520 consuli
1193 481 1266 520 Cn.
1285 481 1478 531 Servilio,

166 544 247 594 qui
280 548 374 581 tum
409 541 554 593 procul
590 541 634 578 in
668 539 809 578 Gallia
841 539 1057 590 provincia
1087 539 1245 586 aberat,
1261 539 1331 590 jus
1353 539 1478 577 fuisse

173 599 341 639 dicendi
374 598 621 644 dictatoris3
667 599 730 635 10.
764 609 889 648 quam
920 608 1080 634 moram
1112 596 1211 647 quia
1241 601 1479 647 exspectare

171 657 320 695 territa
335 656 426 707 jam
449 655 565 693 clade
586 655 734 693 civitas
764 666 847 692 non
879 656 1058 705 poterat,
1080 653 1127 691 eo
1150 653 1371 691 decursum
1402 657 1478 700 est,

173 718 221 751 ut
243 726 266 751 a
288 712 444 764 populo
466 715 688 760 crearetur,
711 712 784 775 qui
806 724 879 763 pro
902 710 1107 749 dictatore
1139 716 1273 748 esset:
1319 712 1480 748 11.1es

172 771 272 809 inde
285 775 435 835 gestas,
450 769 737 834 gloriamque
727 769 937 832 insignem
952 767 1083 815 ducis,
1100 770 1143 806 et
1158 771 1357 819 augentes
1373 768 1481 806 titu-

172 827 263 866 lum
285 827 483 878 imaginis
505 830 702 878 posteros,
719 829 779 872 ut,
796 825 870 876 qui
892 838 964 876 pro
987 824 1194 863 dictatore
1215 824 1375 873 fuisset,
1393 825 1482 863 dic-

174 888 287 923 tator
309 884 560 931 crederetur,
584 882 707 921 facile
729 882 971 921 obtinuisse.

589 1060 854 1100 CHAPTER
885 1060 1063 1099 XXXII

173 1150 245 1180 The
272 1150 409 1180 Oonsuls
431 1149 569 1180 conduct
594 1148 649 1178 the
675 1159 741 1178 war
765 1159 805 1179 on
829 1147 885 1178 the
909 1148 986 1189 plan
1014 1148 1051 1179 of
1069 1148 1201 1185 Fabius,
1219 1149 1282 1180 and
1306 1149 1341 1180 in
1364 1149 1480 1190 perfec!

220 1192 332 1223 accord
349 1192 427 1222 with
445 1192 521 1222 each
537 1192 638 1222 other.
684 1191 852 1222 Hannibal
868 1191 894 1221 is
911 1191 1047 1222 reduced
1063 1196 1096 1222 to
1119 1196 1212 1232 great
1238 1192 1359 1223 straits.
1409 1194 1482 1223 Am-

221 1235 393 1266 bassadors
409 1240 482 1265 sent
504 1236 587 1265 from
603 1234 723 1275 Naples
737 1240 770 1265 to
786 1234 887 1265 Rome
903 1234 984 1265 with
1008 1235 1160 1265 valuable
1183 1241 1340 1276 presents.
1386 1235 1483 1266 Their

222 1278 335 1319 speech
349 1279 383 1308 in
400 1278 455 1308 the
478 1278 604 1308 Senate.
649 1277 785 1308 Receive
811 1277 939 1308 thanks.
987 1277 1073 1318 Only
1088 1288 1148 1308 one
1167 1277 1284 1318 golden
1312 1279 1405 1315 bowl,
1421 1278 1486 1309 and

223 1323 295 1352 that
307 1321 362 1351 the
378 1321 531 1357 smallest,
549 1320 815 1361 accepted—Rc.
833 1322 904 1354 217.

272 1400 307 1437 l.
342 1398 564 1445 CONSULES,
600 1397 757 1436 Atilius
791 1397 994 1446 Fabiano,
1029 1397 1235 1437 Geminus
1285 1398 1486 1438 Servilius

180 1457 442 1503 Minuciano,
467 1456 652 1494 exercitu
682 1459 864 1506 accepto,
887 1454 1169 1493 hibernaculis
1190 1460 1352 1494 matiue
1374 1469 1487 1494 com-

181 1513 607 1553 munitis—medium
644 1513 838 1550 autumni
876 1512 1149 1551 erat—Fabii
1189 1513 1349 1552 artibus
1391 1526 1487 1552 cum

182 1575 347 1611 summa
368 1571 478 1609 inter
500 1583 541 1608 se
564 1569 785 1608 concordia
821 1569 981 1608 bellum
1017 1574 1245 1621 gesserunt.
1309 1573 1346 1608 2.
1380 1570 1488 1608 Fru-

184 1631 423 1667 mentatum
444 1628 613 1666 exeunti
651 1626 883 1665 Hannibali
918 1627 1092 1665 diversis
1126 1627 1228 1665 locis
1262 1627 1487 1680 opportuni

184 1687 374 1732 aderant,
397 1687 612 1737 carpentes
642 1696 795 1736 agmen
828 1683 1073 1736 palatosque
1095 1685 1362 1736 excipientes.
1436 1685 1489 1723 In

184 1756 327 1783 casum
363 1743 568 1781 universae
605 1742 904 1789 dimicationis,
937 1754 1064 1794 quam
1097 1741 1291 1780 omnibus
1327 1741 1490 1781 artibus

186 1801 360 1854 petebat
390 1799 536 1847 hostis,
557 1811 641 1837 non
673 1799 922 1838 veniebant:
964 1801 1000 1838 3.
1033 1799 1220 1851 adeoque
1251 1800 1396 1850 inopia
1428 1803 1491 1838 est

182 1866 348 1900 coactus
370 1861 600 1910 Hannibal,
632 1864 681 1899 ut
701 1861 783 1899 nisi
816 1873 910 1899 cum
941 1860 1051 1911 fugae
1082 1859 1216 1911 specie
1247 1857 1486 1897 abeundum

182 1920 406 1967 timuisset,
439 1919 625 1958 Galliam
648 1918 902 1969 repetiturus
934 1917 1077 1964 fuerit,
1098 1916 1215 1955 nulla
1236 1915 1386 1954 relicta
1417 1928 1488 1967 spe

181 1975 322 2014 alendi
360 1977 565 2014 exercitus
606 1976 649 2013 in
683 1976 741 2013 eis
776 1974 891 2022 locis,
939 1975 972 2012 si
1006 1974 1272 2025 insequentes
1303 1972 1489 2011 consules

179 2033 337 2071 eisdem
362 2034 522 2071 artibus
545 2032 705 2071 bellum
726 2035 934 2084 gererent.

275 2091 314 2125 4.
348 2087 487 2133 Quum
508 2086 560 2125 ad
583 2086 813 2125 Geronium
839 2085 929 2137 jam
951 2085 1089 2124 hieme
1111 2085 1373 2138 impediente
1393 2099 1491 2125 con—

187 2145 364 2183 stitisset
385 2143 558 2191 bellum,
580 2142 848 2194 Neapolitani
872 2142 1000 2194 legati
1023 2142 1201 2182 Romam
1222 2156 1385 2183 venere.
1427 2144 1493 2183 Ab

189 2204 241 2241 iis
255 2203 531 2253 quadraginta
554 2204 707 2253 paterae
729 2213 862 2239 aureae
883 2200 1028 2252 magni
1050 2200 1244 2252 ponderis
1265 2201 1308 2240 in
1332 2202 1493 2240 curiam

188 2259 319 2299 illatae
341 2263 468 2310 atquo
491 2260 551 2297 ita
574 2258 699 2296 verba.
721 2258 845 2306 facta,
867 2262 915 2295 ut
940 2258 1152 2297 dicerent:
1197 2260 1235 2297 5.
1270 2258 1384 2298 Scire
1406 2272 1493 2298 sese

190 2317 305 2356 Rom·
309 2317 366 2354 1111
382 2316 526 2367 populi
543 2329 598 2354 101
600 2316 737 2353 ’11111111
758 2314 867 2354 bello
889 2315 1124 2365 exhauriri3
1142 2319 1199 2365 et,
1221 2329 1352 2368 quum
1366 2315 1494 2368 ιᾗῑιΧῒεῑ

192 2388 263 2427 pro
285 2374 456 2412 urbibus
478 2387 524 2423 111»
504 2373 669 2424 .,··1isque
692 2373 911 2421 sociorum,
933 2386 980 2411 ac
1002 2386 1076 2425 pro
1097 2375 1236 2425 capite
1257 2377 1383 2425 atque
1399 2386 1493 2412 arce

192 2431 305 2471 Itali
307 2431 466 2479 1,1111)0
489 2431 677 2469 Roman-a.
698 2434 824 2482 atque
847 2431 1023 2482 imperio
1036 2434 1278 2482 geratur,
1255 2431 1292 2469 6.
1325 2443 1491 2483 aequum

188 2490 397 2528 censuisse
422 2487 734 2540 Neapolitanos,
763 2488 870 2539 quod
910 2489 1000 2526 auri
1036 2488 1115 2527 sibi
1143 2501 1277 2540 quum
1302 2488 1355 2527 ad
1387 2492 1495 2527 11111-
