1621 2718
188 225 244 265 'lc-
483 225 594 263 TITI
630 225 770 263 LIVII
807 224 1201 263 HISTORIARUM

193 336 314 388 genti
335 338 492 375 terrore
512 348 561 374 ac
581 335 774 374 tumultu
801 348 1024 374 concursus
1045 336 1090 373 in
1111 335 1249 374 forum
1272 334 1416 387 populi
1439 337 1504 374 est

195 393 343 432 factus.
404 392 612 431 Matronae
644 405 758 444 vagae
797 405 870 443 per
904 393 1008 439 vias,
1043 405 1137 443 quae
1176 404 1324 444 repens
1365 391 1502 430 clades

196 449 326 489 allata
357 462 502 502 quaeve
523 449 693 488 fortuna
713 448 921 487 exercitus
942 451 1063 496 esset,
1081 449 1224 487 obvios
1255 452 1504 500 percuncta-

197 510 308 545 ntur.
372 507 410 546 7.
443 506 501 544 Et
521 519 652 557 quum
673 506 906 557 frequentis
937 506 1147 544 concionis
1167 506 1292 544 modo
1312 505 1437 544 turba
1457 507 1500 543 in

195 564 420 603 comitium
441 566 485 602 et
504 563 663 601 curiam
694 575 812 601 versa
841 563 1112 614 magistratsis
1134 565 1316 610 vocaret,
1340 564 1377 601 8.
1410 566 1504 600 tan-

195 621 292 660 dem
332 620 446 658 haud
486 619 623 658 multo
659 622 757 658 ante
793 619 889 659 solis
925 633 1115 658 occasum
1151 619 1212 658 M.
1247 619 1504 671 Pomponius

195 681 360 730 praetor,
378 676 598 729 “Pugna,”
611 677 766 728 inquit,
780 680 966 728 “magna
979 677 1079 715 victi
1095 689 1236 715 sumus
1246 676 1284 722 3⁷²
1300 680 1344 715 et
1358 689 1505 728 quam-

196 748 324 786 quam
345 734 455 772 nihil
486 735 640 773 certius
661 747 712 773 ex
741 747 788 773 eo
819 735 1014 773 auditum
1044 738 1120 781 est,
1142 737 1284 773 tamen
1315 733 1422 773 alius
1452 734 1505 772 ab

195 791 278 831 alio
309 791 480 844 impleti
512 792 748 830 rumoribus
779 792 923 831 domos
954 792 1143 830 referunt
1174 790 1385 830 consulem
1409 805 1504 829 cum

199 854 351 900 magna
371 852 490 901 parte
511 849 725 901 copiarum
747 862 911 896 caesum,
945 850 982 888 9.
1015 862 1226 901 superesse
1248 861 1401 900 paucos
1431 853 1507 887 aut

199 907 296 958 fug-{1
324 907 479 958 passim
500 919 574 958 per
595 906 811 944 Etruriam
843 919 1001 958 sparsos
1032 909 1106 945 aut
1137 909 1278 958 captos
1301 905 1351 944 ab
1373 906 1505 944 hoste.

202 965 264 1002 10.
299 963 411 1010 Quot
432 965 548 1002 cassis
570 963 778 1001 exercitiis
799 963 902 1001 victi
924 963 1103 1011 fuerant,
1124 967 1191 1002 tot
1211 964 1256 1001 in
1278 976 1395 1001 curas
1423 963 1508 1001 dis-

197 1021 344 1073 pertiti
377 1021 509 1059 animi
541 1034 686 1059 eorum
718 1025 851 1068 erant,
884 1033 1062 1072 quorum
1093 1021 1319 1072 propinqui
1352 1020 1429 1059 sub
1462 1019 1504 1059 C.

199 1078 410 1116 Flaminio
442 1077 611 1116 consule
643 1081 897 1125 meruerant,
920 1078 1223 1129 ignorantium,
1245 1090 1338 1128 quae
1370 1077 1508 1129 cujus-

196 1148 278 1187 que
301 1148 471 1174 suorum
493 1135 663 1173 fortuna
685 1138 818 1178 essetz
849 1148 926 1173 nec
956 1135 1179 1186 quisquam
1211 1136 1312 1173 satis
1344 1138 1508 1173 certum

197 1193 338 1240 habet,
376 1192 478 1244 quid
519 1195 595 1230 aut
630 1195 771 1244 speret
805 1195 878 1230 aut
922 1192 1084 1231 timeat.
1150 1194 1214 1230 11.
1246 1191 1420 1230 Postero
1461 1205 1509 1230 ac

198 1250 398 1302 deinceps
420 1250 584 1301 aliquot
605 1250 752 1288 diebus
784 1250 836 1288 ad
859 1252 998 1301 portas
1020 1249 1154 1301 major
1175 1262 1305 1301 prope
1335 1248 1510 1288 mulier-

199 1321 285 1355 um,
322 1309 450 1358 quam
500 1307 701 1354 virorum,
753 1306 986 1346 multitudo
1037 1307 1171 1354 stetit,
1213 1310 1288 1345 aut
1340 1319 1510 1345 suorum

196 1364 383 1416 aliquem
415 1366 490 1403 aut
519 1365 690 1403 nuntios
723 1364 774 1403 de
795 1365 848 1403 iis
870 1364 1113 1416 opperiens3
1146 1363 1511 1403 circumfundeba-

199 1425 381 1473 nturque
398 1421 533 1460 obviis
550 1422 826 1470 sciscitantes,
840 1435 978 1473 neque
995 1421 1135 1470 avelli,
1152 1422 1300 1474 utique
1314 1421 1367 1460 ab
1383 1422 1510 1470 notis,

199 1480 442 1531 priusquam
483 1478 629 1518 ordine
670 1480 812 1518 omnia
850 1479 1137 1531 inquisissent,
1171 1483 1378 1531 poterant.
1445 1481 1509 1517 12.

201 1537 304 1576 Inde
334 1537 468 1575 varios
499 1536 642 1575 vultus
673 1537 1004 1589 digredientium
1034 1537 1087 1576 ab
1117 1538 1280 1575 nuntiis
1312 1549 1511 1585 cerneres,

201 1597 247 1633 ut
268 1595 421 1646 cuique
443 1594 541 1633 laeta
562 1598 636 1632 aut
656 1595 796 1633 tristia
811 1594 1143 1642 nuntiabantur3
1165 1594 1512 1646 gratulantesque

199 1655 274 1691 aut
288 1652 549 1690 consolantes
565 1651 836 1691 redeuntibus
850 1652 993 1691 domos
1003 1652 1287 1691 circumfusos.
1340 1651 1513 1691 Femin-

199 1722 318 1748 arum
354 1709 562 1761 praecipue
605 1712 647 1747 et
693 1709 850 1762 gaudia
890 1709 1074 1761 insignia
1115 1713 1235 1748 erant
1275 1712 1320 1749 et
1358 1709 1510 1748 luctus.

204 1769 268 1806 13.
302 1767 443 1806 Unam
464 1767 508 1805 in
529 1767 622 1818 ipsa
643 1770 765 1819 porta
786 1767 933 1819 sospiti
954 1766 1044 1806 filio
1066 1767 1237 1819 repente
1259 1766 1446 1806 oblatam
1468 1767 1512 1805 in

199 1824 406 1876 conplexu
428 1824 517 1876 ejus
538 1825 766 1877 exspirasse
787 1824 954 1871 ferunt3
986 1824 1179 1873 alteram,
1201 1825 1270 1863 cui
1300 1837 1411 1864 mors
1433 1824 1513 1863 filii

201 1882 305 1921 falso
326 1883 525 1920 nuntiata
547 1886 652 1929 erat,
669 1885 860 1921 maestam
882 1882 1099 1921 sedentem
1117 1882 1232 1920 domi
1253 1882 1306 1921 ad
1329 1883 1514 1934 primum

200 1942 471 1991 conspectum
507 1940 721 1978 redeuntis
752 1938 832 1978 filii
864 1939 1018 1991 gaudio
1050 1940 1184 1978 nimio
1216 1940 1512 1978 exanimatam.

205 1999 270 2036 14.
303 1996 506 2036 Senatum
532 1999 727 2048 praetores
759 2010 832 2048 per
863 1997 951 2035 dies
982 1996 1146 2048 aliquot
1177 1996 1230 2035 ab
1262 2000 1352 2036 orto
1384 2009 1515 2048 usque

203 2054 254 2093 ad
295 2054 559 2093 occidentem
600 2054 730 2093 solem
763 2055 808 2092 in
842 2054 959 2093 curia
994 2055 1181 2093 retinent
1217 2054 1515 2101 consultantes,

203 2125 384 2163 quonam
407 2111 511 2152 duce
531 2114 608 2151 aut
628 2111 760 2164 copiis
781 2111 934 2164 quibus
959 2111 1097 2150 resisti
1119 2111 1351 2151 victoribus
1372 2111 1518 2150 Poenis

202 2173 352 2221 posset.
