1621 2718
455 188 623 225 LIBER
659 189 793 226 XXII.
850 190 965 227 CAP.
994 191 1044 228 X.
1362 197 1409 233 13

101 300 186 338 rite
216 299 378 338 factum
409 298 461 338 de
492 299 656 351 integro
688 302 814 351 atque
836 299 1018 352 amplius
1038 300 1284 340 faciundum
1307 316 1408 352 esse,

108 358 173 396 10.
203 359 248 396 et
267 355 364 396 Jovi
395 355 516 395 ludos
547 368 721 408 magnos
751 360 796 395 et
827 356 933 396 aedes
955 357 1109 396 Veneri
1142 358 1333 410 Erycinae
1361 373 1408 399 ac

103 412 243 453 Menti
256 413 464 453 vovendas
478 426 577 461 esse,
592 417 636 452 et
648 413 1001 466 supplicationem
1015 413 1408 468 lectisterniumque

100 470 410 518 habendum,et
424 483 494 509 ver
507 484 669 510 sacrum
680 471 930 520 vovendum,
945 472 979 510 si
993 471 1200 511 bellatum
1215 487 1409 525 prospere

98 531 213 567 esset
233 540 380 580 resque
402 527 571 579 publica
592 529 636 566 in
658 528 819 577 eodem,
841 541 922 580 quo
943 532 1042 568 ante
1064 529 1223 568 bellum
1247 530 1408 578 fuisset,

100 588 219 624 statu
238 585 547 637 permansisset.
594 587 607 623 1
625 587 658 624 l.
682 585 874 634 Sentium,
889 587 1089 637 quoniam
1107 586 1288 625 Fabium
1307 587 1408 627 belli

103 655 203 681 cura
215 644 470 694 occupatura
485 645 606 689 esset,
621 642 681 681 M.
696 642 923 681 EEmilium
939 647 1160 695 praetorem
1174 657 1223 683 ex
1240 644 1407 697 collegii

103 698 353 752 pontificum
382 700 605 747 sententia,
627 700 769 738 omnia
792 713 839 738 ea
860 703 910 738 ut
929 703 1094 739 mature
1126 700 1243 749 fiant,
1266 715 1408 740 curare

93 755 236 808 jubet.

581 903 846 944 CHAPTER
877 905 929 943 X.

46 1002 59 1022 ,·
100 993 133 1024 Α
155 993 217 1024 Ver
233 993 365 1024 Sacrum
379 992 539 1034 proposed
556 993 598 1033 by
609 993 663 1023 the
680 992 831 1023 Pontifex
847 992 1024 1030 Maximus,
1041 993 1105 1024 and
1121 994 1236 1034 agreed
1252 1002 1285 1026 to
1302 996 1341 1036 by
1353 995 1408 1027 the

145 1035 272 1077 People.
319 1035 416 1067 Form
441 1035 507 1066 and
531 1035 712 1067 conditions
738 1036 774 1066 of
806 1045 884 1066 τοῖν.
940 1036 1078 1068 Various
1106 1037 1198 1068 other
1227 1049 1315 1070 vows
1346 1038 1408 1069 and

145 1079 296 1120 religione
311 1079 641 1111 observanees.—n.e.
657 1080 730 1112 217.

196 1159 231 1195 1.
269 1155 352 1196 H1s
393 1158 562 1196 senatiis
604 1155 807 1194 consultis
847 1156 1058 1207 perfectis,
1099 1156 1147 1195 L.
1192 1156 1409 1197 Cornelius

101 1213 310 1252 Lentulus
330 1213 521 1266 pontifex
543 1213 766 1261 maximus,
789 1213 1032 1252 consulente
1054 1213 1281 1266 collegium
1305 1228 1409 1267 prae-

98 1275 206 1318 tore,
229 1271 421 1310 omnium
452 1271 638 1322 primum
672 1269 875 1322 populum
905 1270 1207 1310 consulendum
1239 1271 1289 1310 de
1313 1285 1408 1311 vere

100 1341 215 1367 sacro
232 1331 374 1368 censet
391 1343 399 1367 :
433 1327 596 1380 injussu
614 1327 760 1379 populi
779 1328 918 1366 voveri
935 1340 1016 1366 non
1033 1341 1162 1379 posse.
1226 1331 1263 1366 2.
1298 1329 1390 1381 Rog

98 1389 195 1425 atus
227 1386 272 1424 in
302 1385 392 1425 haec
423 1385 549 1424 verba
579 1384 787 1437 populus:
823 1384 1018 1423 “Velitis
1043 1385 1288 1437 jubeatisne
1321 1386 1408 1425 haec

96 1444 159 1482 sic
194 1443 321 1482 fieri?
371 1443 406 1482 si
439 1456 504 1481 res
544 1442 715 1495 publica
761 1441 908 1494 populi
941 1442 1119 1481 Romani
1172 1442 1408 1490 Quiritium

97 1501 153 1540 ad
185 1500 525 1553 quinquennium
572 1500 825 1552 proximum,
877 1503 927 1538 ut
969 1499 1098 1539 velim
1144 1513 1251 1550 eam,
1294 1501 1408 1540 salva

102 1561 265 1597 servata
325 1559 408 1598 erit
458 1558 573 1596 hisce
614 1556 766 1596 duellis
787 1581 845 1585 —
866 1557 976 1609 quod
1019 1557 1210 1597 duellum
1252 1558 1407 1611 populo

99 1615 290 1655 Romano
322 1629 420 1654 cum
449 1614 789 1667 Carthaginiensi
822 1618 898 1662 est,
927 1628 1103 1667 quaeque
1140 1615 1281 1654 duella
1313 1629 1407 1654 cum

99 1673 237 1713 Gallis
259 1677 370 1720 sunt,
392 1673 467 1725 qui
489 1673 547 1711 cis
567 1671 695 1724 Alpes
717 1674 929 1719 sunt,—3.
964 1672 1110 1711 datum
1133 1672 1290 1711 donum
1313 1673 1408 1712 duit

101 1730 280 1782 populus
320 1730 534 1769 Romanus
575 1729 823 1777 Quiritium,
864 1730 975 1781 quod
1016 1743 1088 1769 ver
1127 1729 1324 1769 attulerit
1359 1744 1407 1769 ex

98 1787 239 1836 suillo,
273 1787 414 1837 ovillo,
443 1788 628 1839 caprino,
660 1786 818 1826 bovillo
855 1800 995 1839 grege,
1027 1800 1202 1839 quaeque
1234 1788 1408 1839 profana

98 1849 238 1894 erunt,
259 1845 287 1885 J
290 1845 357 1884 ovi
379 1844 486 1892 fieri,
509 1858 558 1883 ex
579 1849 663 1896 qua
676 1844 744 1883 die
759 1848 927 1883 senatus
940 1844 1204 1897 populusque
1219 1844 1401 1897 jusserit

100 1905 138 1942 4.
172 1902 254 1950 Qui
276 1903 417 1950 faciet,
449 1902 616 1954 quando
638 1901 752 1940 volet
783 1906 949 1954 quaque
982 1901 1074 1955 lege.
1103 1902 1231 1951 volet,
1254 1902 1407 1950 facito3

96 1967 193 2013 quo'
212 1960 336 1999 modo
368 1961 489 2008 faxit,
511 1959 640 2011 probe
661 1959 823 1998 factum
845 1964 945 1998 esto.
1008 1961 1046 1999 5.
1079 1958 1125 1999 Si
1146 1959 1191 1999 id
1213 1960 1407 2008 moritur,

96 2018 210 2070 quod
242 2017 333 2057 fieri
365 2017 593 2070 oportebit,
615 2016 839 2069 profanum
862 2020 963 2064 esto,
985 2029 1120 2069 neque
1148 2017 1282 2056 scelus
1304 2021 1406 2056 esto.

97 2075 143 2116 Si
161 2077 256 2128 quis
276 2078 448 2128 rumpet
469 2074 683 2114 occidetve
703 2074 897 2121 insciens,
914 2087 967 2113 ne
983 2075 1096 2113 fraus
1113 2079 1215 2113 esto.
1254 2074 1299 2114 Si
1316 2075 1408 2127 quis

98 2133 262 2185 clepsit,
294 2145 348 2172 ne
380 2131 537 2185 populo
559 2131 694 2171 scelus
719 2135 823 2181 esto,
854 2145 958 2171 neve
989 2132 1058 2170 cui
1091 2131 1279 2184 cleptum
1310 2133 1405 2172 erit.

99 2192 138 2229 6.
162 2190 206 2230 Si
223 2194 314 2229 atro
333 2190 402 2229 die
414 2189 523 2229 faxit
539 2190 734 2237 insciens,
747 2189 875 2241 probe
892 2189 1052 2228 factum
1069 2192 1172 2228 esto.
1222 2188 1265 2229 Si
1285 2193 1408 2229 nocte

98 2249 185 2287 sive
216 2247 323 2296 luce,
355 2248 389 2287 si
421 2260 562 2286 servus
584 2247 670 2285 sive
692 2246 799 2285 liber
820 2246 942 2294 faxit,
964 2246 1092 2298 probe
1123 2246 1282 2286 factum
1304 2249 1406 2286 esto.

96 2306 142 2345 Si
165 2305 338 2345 antidea
358 2309 527 2344 senatus
549 2303 811 2356 populusque
827 2303 1002 2356 jusserit
1023 2303 1130 2353 fieri,
1151 2317 1199 2343 ac
1222 2304 1343 2353 faxit,
1359 2317 1407 2343 eo

99 2362 276 2416 populus
307 2361 470 2402 solutus
492 2361 600 2401 liber
621 2360 746 2400 est0.”
789 2363 827 2401 7.
863 2361 1065 2413 Ejusdem
1086 2361 1147 2401 rei
1169 2366 1293 2401 causa
1317 2361 1407 2401 ludi

95 2421 239 2473 magni
281 2421 371 2459 voti
422 2420 515 2459 aeris
558 2419 759 2458 trecentis
808 2419 989 2471 triginta
1038 2419 1175 2458 tribus
1216 2418 1408 2458 millibus

97 2479 297 2517 trecentis
328 2478 509 2529 triginta
539 2476 675 2516 tribus
705 2476 888 2516 triente:
920 2479 1123 2529 praeterea
1150 2476 1287 2516 bubus
1309 2475 1335 2515 J
1339 2477 1408 2515 ovi
