1621 2718
461 206 628 244 LIBER.
664 207 801 244 XXII.
858 208 974 245 CAP.
1006 209 1100 245 XII.
1388 211 1438 248 15

118 317 346 370 corruptis,
375 329 429 355 ne
459 316 578 369 cujus
599 316 659 355 rei
690 317 809 368 copia
841 323 973 364 esset3
1011 318 1114 369 ipse,
1136 318 1206 356 via
1227 318 1439 359 Flaminia

123 373 335 428 profectus
351 374 520 413 obviam
534 373 694 413 consuli
709 375 1008 426 exercituique,
1024 387 1157 426 quum
1179 375 1230 413 ad
1248 375 1438 414 Tiberim

123 432 235 470 circa
255 430 499 472 Ocriculum
525 432 805 484 prospexisset
831 444 983 484 agmen
1015 431 1313 483 consulemque
1340 445 1437 471 cum

122 488 340 541 equitibus
380 488 433 528 ad
474 502 517 528 se
557 488 912 541 progredientem,
953 489 1158 528 viatorem
1195 490 1327 535 misit,
1364 490 1436 540 qui

122 545 287 585 consuli
328 546 562 594 nuntiaret,
605 549 654 584 ut
699 547 789 584 sine
830 546 1050 585 lictoribus
1090 546 1143 585 ad
1185 546 1436 585 dictatorem

126 604 303 642 veniret.
367 603 405 643 6.
439 602 521 650 Qui
552 616 684 654 quum
717 603 833 642 dicto
864 603 1082 656 paruisset,
1109 616 1436 655 congressusque

123 673 271 699 eorum
285 661 506 712 ingentem
521 661 703 712 speciem
718 660 941 700 dictaturae
955 661 1067 712 apud
1081 661 1192 699 cives
1209 661 1436 712 sociosque,

125 720 338 756 vetustate
353 717 445 769 jam
468 730 597 769 prope
619 717 772 756 oblitos
794 717 883 770 ejus
903 718 1086 769 imperii,
1108 718 1288 766 fecisset,
1302 717 1437 757 literae

122 774 179 813 ab
214 774 317 814 urbe
350 774 490 813 allatae
523 777 633 822 sunt,
667 787 793 813 naves
829 775 1053 823 onerarias,
1080 778 1363 813 commeatum
1384 774 1438 814 ab

125 830 247 871 Ostia
280 833 325 870 in
356 831 609 884 Hispaniam
642 831 696 870 ad
727 833 958 871 exercitum
991 834 1223 884 portantes,
1253 845 1278 870 a
1309 831 1436 871 classe

126 888 288 928 Punica
323 889 433 928 circa
461 892 630 941 portum
653 888 860 929 Cosanum
889 892 1031 941 captas
1052 902 1152 928 esse.
1214 889 1253 929 7.
1286 888 1437 941 Itaque

124 946 337 998 extemplo
347 946 491 985 consul
501 945 663 986 Ostiam
678 945 885 998 proficisci
893 946 1049 999 jussus,
1062 946 1336 998 navibusque,
1344 959 1437 998 quae

124 1003 179 1042 ad
210 1003 356 1043 urbem
378 1003 613 1042 Romanam
633 1007 709 1042 aut
731 1002 860 1043 Ostiae
881 1007 1033 1051 essent,
1055 1003 1278 1056 completis
1298 1003 1438 1043 milite

123 1073 173 1099 ac
206 1060 427 1100 navalibus
454 1061 589 1109 sociis,
612 1062 803 1112 persequi
826 1061 1013 1100 hostium
1035 1061 1206 1100 classem
1233 1074 1281 1100 ac
1311 1061 1438 1101 litora

127 1117 265 1157 Italiae
286 1119 432 1157 tutari.
487 1121 525 1157 8.
547 1117 707 1171 Magna
720 1119 782 1156 vis
803 1119 1023 1157 hominum
1044 1119 1279 1171 conscripta
1294 1118 1437 1158 Romae

124 1179 242 1223 erat3
294 1175 484 1214 libertini
526 1176 671 1223 etiam,
713 1175 865 1228 quibus
906 1175 1030 1215 liberi
1077 1179 1215 1215 essent
1254 1179 1298 1215 et
1337 1179 1437 1215 aetas

125 1232 342 1281 militaris,
385 1233 429 1271 in
471 1232 599 1271 verba
633 1232 894 1284 juraverant.
972 1234 1010 1272 9.
1053 1233 1118 1271 Ex
1157 1233 1236 1272 hoc
1277 1233 1436 1272 urbano

125 1291 314 1329 exercitu
335 1290 408 1342 qui
429 1290 614 1329 minores
635 1291 823 1341 quinque
844 1293 888 1329 et
908 1290 1090 1342 triginta
1110 1291 1231 1329 annis
1252 1294 1372 1329 erant
1393 1291 1434 1328 in

125 1360 250 1387 naves
271 1348 462 1399 impositi
479 1362 489 1396 ;
521 1347 611 1394 alii,
633 1350 684 1386 ut
705 1347 797 1386 urbi
819 1347 1106 1399 praesiderent,
1128 1347 1281 1386 relicti.

581 1574 848 1615 CHAPTER
879 1575 982 1614 XII.

124 1663 250 1695 Fabius
270 1663 429 1694 advanees
456 1662 596 1694 towards
620 1662 711 1703 Arpi,
729 1662 794 1693 and
822 1672 973 1703 encamps
995 1662 1029 1693 in
1053 1662 1142 1703 sight
1168 1663 1205 1693 of
1233 1663 1288 1693 the
1314 1673 1438 1704 enemy.

171 1706 341 1737 Hannibal
367 1706 464 1737 offers
488 1706 602 1737 battle.
659 1705 781 1736 Fabius
807 1705 949 1736 remains
975 1705 1074 1746 quiet.
1125 1705 1294 1736 Hannibal
1320 1706 1440 1746 hereby

171 1748 327 1780 rendered
343 1749 489 1780 anxious.
536 1748 662 1780 Tactics
678 1749 715 1779 of
734 1748 865 1780 Fabius.
912 1748 1087 1780 Character
1098 1748 1162 1779 and
1177 1749 1315 1780 conduct
1329 1749 1365 1779 of
1385 1749 1440 1779 the

171 1792 297 1823 Mastm·
311 1792 349 1823 of
367 1791 422 1823 the
437 1791 658 1823 Roma—ne.
674 1793 745 1825 217.

221 1871 257 1908 1.
293 1868 519 1917 chrAron,
557 1869 745 1907 exercitu
786 1868 965 1907 consulis
1010 1871 1182 1921 accepto
1223 1882 1247 1907 a
1288 1869 1440 1909 Fulvio

127 1925 280 1966 Flacco
302 1925 459 1979 legato,
480 1939 555 1978 per
582 1939 730 1978 agrum
753 1925 958 1965 Sabinum
979 1926 1126 1975 Tibur,
1148 1939 1230 1979 quo
1252 1927 1366 1966 diem
1389 1927 1439 1967 ad

126 1984 468 2023 conveniendum
490 1983 681 2023 edixerat
702 1983 821 2022 novis
842 1983 1067 2031 militibus,
1090 1984 1220 2023 venit.
1274 1986 1312 2022 2.
1335 1984 1441 2023 Inde

130 2040 342 2081 Praeneste
372 2054 419 2080 ac
447 2041 694 2080 transversis
722 2041 932 2080 limitibus
957 2041 1001 2079 in
1023 2042 1138 2080 viam
1159 2041 1357 2080 Latinam
1379 2045 1444 2081 est

130 2111 332 2152 egressus,
366 2098 475 2138 unde
503 2098 729 2138 itineribus
762 2103 926 2137 summa
954 2111 1052 2137 cum
1088 2103 1187 2138 cura
1215 2098 1442 2151 exploratis

132 2155 186 2195 ad
217 2156 382 2195 hostem
416 2155 549 2205 ducit,
584 2156 702 2195 nullo
733 2155 838 2204 loco,
872 2156 955 2195 nisi
976 2159 1183 2208 quantum
1220 2157 1444 2196 necessitas

131 2216 315 2266 cogeret,
337 2213 517 2253 fortunae
544 2226 586 2253 se
613 2215 921 2253 commissurus.
985 2215 1023 2252 3.
1057 2212 1146 2260 Quo
1167 2214 1354 2266 primum
1375 2214 1444 2253 die

133 2270 248 2310 haud
275 2270 422 2323 procul
443 2271 568 2323 Arpis
597 2270 644 2309 in
665 2274 893 2323 conspectu
919 2270 1105 2310 hostium
1134 2271 1276 2323 posuit
1296 2274 1444 2320 castra,

132 2327 251 2367 nulla
290 2341 409 2367 mora
450 2328 576 2377 facta,
616 2328 721 2380 quin
761 2328 917 2367 Poenus
964 2328 1163 2367 educeret
1208 2329 1254 2367 in
1295 2329 1445 2378 aciem,

134 2386 387 2437 copiamque
406 2385 625 2438 pugnandi
649 2386 818 2425 faceret.
874 2388 914 2424 4.
947 2384 1030 2425 Sed
1050 2385 1124 2425 ubi
1145 2386 1289 2438 quieta
1304 2387 1447 2425 omnia

134 2442 248 2495 apud
281 2442 422 2482 hostes
462 2455 539 2482 nec
566 2446 702 2482 castra
730 2442 817 2482 ullo
848 2442 1040 2482 tumultu
1075 2447 1192 2482 mota
1219 2443 1351 2491 videt,
1382 2444 1446 2483 in-

133 2512 309 2553 crepans
344 2499 532 2549 quidem,
564 2501 698 2540 victos
733 2499 906 2540 tandem
941 2513 1034 2539 suos
1065 2499 1245 2540 Martios
1284 2502 1447 2541 animos
