1621 2718
402 175 572 213 LIBER
607 176 744 214 XXII.
786 177 900 215 CAP.
930 179 1089 216 XVIII.
1354 182 1404 220 23

93 299 206 336 vero,
226 285 404 326 insidias
424 286 506 325 rati
528 299 630 334 esse,
651 299 748 325 cum
778 287 936 340 majore
966 288 1159 328 tumultu
1190 291 1406 330 concitant

93 357 137 384 se
159 345 204 382 in
225 344 385 396 fugam.
415 342 521 382 Levi
541 356 706 396 quoque
726 349 948 385 armaturae
969 346 1154 385 hostium
1168 347 1405 394 incurrere;

94 402 284 440 ceterum
299 403 567 452 nox‚aequat0
584 401 752 451 timore,
766 406 936 442 neutros
949 416 1135 455 pugnam
1152 404 1407 456 incipientes

92 459 146 498 ad
182 457 323 497 lucem
357 458 512 497 tenuit.
575 459 614 498 7.
647 458 815 498 Interea
847 463 938 499 toto
980 461 1148 512 agmine
1189 461 1406 501 Hannibal

93 516 340 555 transducto
361 528 436 568 per
458 515 627 564 saltum,
649 520 693 555 et
714 517 965 568 quibusdam
987 519 1032 556 in
1053 518 1144 570 ipso
1166 518 1276 557 saltu
1292 519 1407 558 host—

93 573 186 612 ium
206 573 427 626 oppressis,
449 573 494 611 in
515 586 614 625 agro
637 573 822 613 Allifano
844 576 986 626 posuit
1007 581 1153 614 castra.

515 767 781 809 CHAPTER
813 769 978 808 XVIII.

92 859 124 891 A
148 858 274 899 trifling
297 862 510 899 engagement
533 857 675 888 between
698 857 754 888 the
780 857 923 888 Romans
945 857 1011 888 and
1037 869 1123 889 some
1139 859 1176 889 of
1210 859 1406 891 Hannibal's

137 907 258 942 troops.
303 901 426 932 Fabius
442 911 593 941 encamps
617 911 657 931 on
674 900 753 940 high
780 900 905 940 ground
921 901 1021 932 above
1048 901 1168 932 Allifae.
1226 902 1405 939 Hannibal,

137 945 270 985 making
281 955 300 975 a
312 944 395 975 seint
407 944 443 974 of
455 943 636 983 advancing
646 953 731 984 upon
746 942 858 979 Rome,
872 948 1001 974 returns
1013 944 1080 975 into
1093 944 1146 975 the
1159 950 1293 986 country
1305 946 1341 977 of
1351 946 1406 977 the

79 1005 83 1009 ·
138 987 265 1027 Peligni
279 987 342 1018 and
360 997 494 1027 ravages
511 987 547 1017 it.
583 986 755 1017 Re·enters
772 986 894 1027 Apulia
909 986 975 1017 and
991 986 1151 1018 advances
1167 994 1200 1019 to
1217 988 1403 1026 Geronium,

136 1030 242 1062 which
267 1030 295 1061 is
321 1029 468 1061 deserted
492 1029 535 1069 by
552 1029 595 1060 its
611 1029 825 1060 inhabitants,
871 1029 993 1060 Fabius
1015 1029 1153 1061 fortifies
1169 1041 1188 1061 a
1204 1041 1297 1072 camp
1325 1042 1402 1062 near

137 1073 304 1105 Larinum.
350 1072 504 1104 Recalled
516 1078 550 1103 to
565 1072 676 1103 Rome.
723 1071 860 1112 Enjoins
876 1071 941 1103 and
958 1076 1099 1104 entreats
1115 1073 1279 1105 Minucius
1296 1079 1329 1105 to
1346 1075 1404 1106 fol-

137 1117 198 1147 low
215 1117 270 1147 the
282 1127 393 1147 course
409 1115 450 1146 he
466 1115 530 1146 had
547 1115 683 1146 himself
702 1115 958 1156 pursuod.—11.e.
985 1118 1058 1150 217.

185 1196 221 1232 1.
255 1193 379 1233 ΗυΝο
389 1192 627 1231 tumultum
637 1192 767 1231 sensit
782 1191 949 1231 Fabius.
966 1191 1163 1232 Ceterum
1171 1196 1214 1233 et
1229 1194 1404 1233 insidias

93 1265 180 1291 esse
201 1254 331 1298 ratus,
353 1253 396 1289 et
426 1250 479 1289 ab
510 1252 714 1288 nocturno
736 1249 884 1302 utique
911 1249 1137 1290 abhorrens
1159 1252 1403 1299 certamine,

94 1322 189 1348 suos
203 1308 483 1347 munimentis
504 1307 657 1346 tenuit.
702 1309 739 1345 2.
772 1306 886 1346 Luce
899 1308 1038 1359 prima
1054 1308 1130 1347 sub
1145 1307 1251 1360 jugo
1265 1312 1405 1347 mont-

93 1367 130 1405 is
151 1365 348 1418 proelium
371 1365 467 1413 fuit,
489 1377 571 1417 quo
603 1363 879 1403 interclusam
910 1364 963 1404 ab
994 1365 1080 1403 suis
1101 1364 1238 1403 levem
1269 1379 1404 1404 arma-

93 1426 235 1462 turam
265 1422 609 1462 facile—etenim
639 1434 814 1460 numero
846 1420 1116 1474 aliquantum
1148 1422 1405 1474 praestabant-

92 1480 332 1520 ——Romani
365 1479 640 1532 superassent,
662 1479 744 1518 nisi
776 1478 1063 1531 Hispanorum
1095 1480 1253 1527 cohors,
1275 1480 1328 1519 ad
1358 1481 1400 1520 id

92 1539 234 1591 ipsum
270 1538 442 1577 remissa
472 1537 525 1576 ab
556 1536 812 1584 Hannibale,
843 1537 1114 1588 pervenisset.
1178 1539 1215 1576 3.
1248 1537 1311 1576 Ea
1341 1551 1405 1577 as-

93 1596 248 1635 suetior
269 1595 497 1643 montibus,
519 1597 562 1633 et
583 1595 636 1633 ad
657 1594 990 1633 concursandum
1010 1594 1122 1633 inter
1144 1608 1240 1633 saxa
1260 1608 1405 1648 rupes-

92 1667 173 1705 que
204 1654 343 1705 aptior
377 1666 425 1691 ac
456 1652 601 1700 levior,
622 1664 754 1704 quum
785 1650 1010 1691 velocitate
1042 1665 1278 1704 corporum,
1309 1658 1404 1692 tum

92 1723 305 1750 armorum
340 1710 504 1758 habitu,
545 1711 822 1761 campestrem
857 1708 1034 1756 hostem,
1070 1722 1241 1762 gravem
1277 1711 1406 1749 armis

93 1768 415 1820 statariumque,
436 1779 589 1820 pugnae
608 1779 760 1818 genere
781 1765 904 1805 facile
925 1765 1065 1805 elusit.
1110 1769 1149 1805 4.
1182 1767 1250 1806 Ita
1271 1767 1400 1807 haud-

92 1838 302 1878 quaquam
333 1826 425 1877 pari
456 1824 687 1863 certamine
717 1823 909 1875 digressi,
930 1823 1111 1876 Hispani
1143 1824 1228 1863 fere
1260 1837 1404 1864 omnes

91 1883 339 1931 incolumes,
362 1882 543 1921 Romani
567 1881 734 1933 aliquot
764 1881 849 1920 suis
880 1881 1058 1931 amissis,
1075 1882 1119 1920 in
1141 1885 1276 1921 castra
1307 1895 1404 1921 con-

91 1940 334 1980 tenderunt.

181 2001 220 2038 5.
253 1997 411 2037 Fabius
453 2010 618 2049 quoque
660 1996 795 2035 movit
836 1998 996 2045 castra;
1040 2000 1403 2050 transgressusque

92 2055 248 2095 saltum
270 2069 391 2107 super
412 2054 564 2094 Allifas
584 2053 674 2093 loco
703 2053 790 2093 alto
822 2066 869 2092 ac
900 2055 1067 2093 munito
1099 2055 1300 2094 consedit.
1365 2054 1403 2094 6.

91 2113 200 2152 Tum
218 2127 291 2165 per
306 2112 527 2151 Samnium
540 2112 718 2151 Romam
741 2124 782 2150 se
804 2115 946 2163 petere
968 2111 1170 2151 simulans
1187 2111 1403 2151 Hannibal

92 2183 222 2223 usque
244 2172 291 2209 in
311 2169 509 2222 Pelignos
531 2168 853 2222 populabundus
874 2168 1027 2207 rediit:
1062 2169 1218 2208 Fabius
1238 2168 1404 2208 medius

92 2229 202 2268 inter
224 2228 412 2267 hostium
433 2239 584 2279 agmen
608 2226 837 2278 urbemque
870 2225 1047 2265 Romam
1070 2226 1188 2279 jugis
1208 2226 1404 2274 ducebat,

93 2299 168 2325 nec
189 2285 393 2325 absistens
420 2297 498 2323 nec
529 2283 815 2336 congrediens.
879 2283 916 2322 7.
950 2283 1014 2322 Ex
1036 2283 1226 2336 Pelignis
1252 2283 1404 2323 Poenus

90 2342 212 2382 flexit
241 2344 337 2390 iter,
359 2346 554 2394 retroque
586 2341 786 2394 Apuliam
819 2343 1012 2393 repetens
1041 2340 1275 2381 Geronium
1311 2354 1404 2393 per-

91 2401 223 2448 venit,
245 2399 393 2439 urbem
425 2403 556 2447 metu,
577 2399 677 2451 quia
709 2398 889 2450 collapsa
920 2398 1051 2438 ruinis
1073 2412 1168 2451 pars
1198 2399 1404 2438 moenium

90 2461 195 2508 erat,
215 2458 269 2497 ab
289 2458 373 2496 suis
395 2456 614 2496 desertam.
648 2456 840 2494 I)i‹·†;1t‹;›r
862 2456 906 2494 in
928 2455 1128 2496 Larinate
1149 2469 1248 2509 agro
1270 2458 1402 2495 castra
