1621 2718
418 192 588 230 LIBER
623 193 760 232 XXII.
818 193 934 231 CAP.
964 194 1059 233 VII.
1365 200 1390 233 9

81 315 300 342 armorum
335 302 566 351 audientes,
591 317 685 355 quae
721 303 890 343 fortuna
925 317 1077 356 pugnae
1109 305 1230 352 esset,
1259 316 1395 355 neque

86 360 192 399 scire
212 372 290 399 nec
305 361 538 412 perspicere
552 373 636 413 prae
653 360 834 413 caligine
849 364 1058 413 poterant.
1112 362 1150 401 9.
1184 360 1395 400 Inclinata

80 415 270 469 denique
305 430 362 466 re,
397 430 527 469 quum
571 417 846 457 incalescente
888 418 972 457 sole
1013 418 1200 471 dispulsa
1243 417 1393 458 nebula

80 474 316 526 aperuisset
339 475 466 523 diem,
483 479 576 514 tum
593 475 756 527 liquida
770 475 862 527 jam
883 475 976 514 luce
992 479 1156 515 montes
1171 476 1394 527 campique

86 531 271 584 perditas
321 545 385 571 res
434 535 691 584 stratamque
742 532 959 572 ostendere
1000 533 1110 572 foede
1160 532 1393 572 Romanam

80 589 234 628 aciem.
299 592 364 629 10.
398 589 561 641 Itaque,
584 603 636 628 ne
668 591 712 628 in
735 593 976 642 conspectos
1007 590 1151 643 procul
1186 591 1394 628 immitte-

85 649 202 685 retur
235 659 374 697 eques,
408 646 584 686 sublatis
618 648 775 699 raptim
811 648 941 699 signis
977 649 1104 700 quam
1143 648 1393 686 citatissimo

83 706 281 755 poterant
315 705 484 755 agmine
524 717 608 743 sese
650 704 939 756 abripuerunt.
1006 707 1070 744 11.
1103 705 1274 744 Postero
1311 704 1394 753 die,

80 773 219 812 quum
239 774 363 813 super
384 765 521 800 cetera
542 767 729 801 extrema
745 762 875 800 fames
897 762 1029 800 etiam
1050 763 1243 809 instaret,
1266 761 1394 800 fidem

81 817 212 857 dante
234 818 495 867 Maharbale,
515 820 589 871 qui
622 832 718 858 cum
750 819 946 858 omnibus
977 819 1239 870 equestribus
1262 819 1395 871 copiis

86 879 206 914 nocte
228 878 510 928 consequutus
532 880 635 925 erat,
657 877 691 915 si
713 889 829 915 arma
851 876 1138 925 tradidissent,
1160 876 1274 915 abire
1297 889 1395 915 cum

80 932 263 985 singulis
300 933 565 973 vestimentis
605 947 838 986 passurum,
875 947 962 973 sese
996 934 1261 973 dediderunt.
1328 935 1394 972 12.

47 1007 52 1011 ·
81 989 186 1036 Ωιι-,Ὀ
217 990 380 1030 Punica
412 990 618 1042 religione
640 995 803 1030 servata
835 991 935 1031 fides
959 991 1012 1030 ab
1046 990 1285 1030 Hannibale
1317 994 1395 1039 est,

77 1051 210 1099 atque
233 1049 277 1086 in
300 1048 468 1087 vincula
490 1062 632 1088 ornnes
654 1049 848 1102 conjecit.

537 1260 803 1301 CHAPTER
833 1261 931 1300 VII.

81 1349 198 1381 Losses
215 1350 251 1381 of
272 1350 326 1381 the
345 1350 486 1381 Romans
503 1349 566 1380 and
580 1350 843 1390 Carthaginians.
890 1351 1003 1380 Alarm
1017 1349 1080 1380 and
1097 1350 1214 1381 Terror
1229 1354 1264 1381 at
1282 1350 1395 1381 Rome-

128 1393 173 1424 M.
203 1393 412 1433 Pomponius,
437 1394 492 1424 the
520 1394 656 1429 Fra-tor,
684 1393 799 1433 briefly
825 1404 1009 1424 announccs
1041 1393 1095 1423 the
1121 1393 1238 1424 Dcfeat
1269 1394 1304 1423 of
1339 1394 1394 1424 tlm

125 1436 252 1467 Roman
269 1439 378 1477 Army.
425 1437 570 1477 Popular
587 1436 759 1467 Rumours.
785 1437 861 1467 Two
878 1437 1013 1467 Womon
1031 1436 1082 1467 die
1100 1437 1180 1466 from
1199 1437 1260 1477 Joy
1278 1444 1310 1466 at
1340 1437 1396 1468 the

125 1479 252 1511 Return
270 1480 307 1510 of
326 1479 412 1510 their
428 1480 518 1511 Sons.
566 1479 807 1511 Deliberations
825 1479 857 1510 in
875 1479 928 1510 the
945 1479 1178 1510 Semta—nc.
1199 1482 1269 1513 217.

173 1559 208 1597 1.
242 1558 345 1597 HAEC
358 1561 421 1597 est
436 1557 590 1597 nobilis
603 1557 656 1597 ad
670 1558 962 1597 Trasimenum
979 1561 1267 1610 pugna,atquc
1283 1559 1395 1597 inter

80 1628 235 1668 paucas
255 1620 487 1655 memorata
518 1615 663 1668 populi
687 1615 864 1654 Romani
900 1615 1050 1654 clades.
1113 1618 1150 1654 2.
1186 1616 1395 1662 Quindec-

81 1674 142 1712 im
193 1672 330 1712 millia
382 1673 666 1712 Romanorum
707 1673 751 1711 in
787 1673 876 1711 acie
910 1686 1040 1719 exesa,
1077 1673 1220 1711 decem
1258 1672 1394 1712 millia

81 1743 224 1782 sparsa
256 1731 358 1782 fuga
392 1744 464 1782 per
500 1744 668 1769 omnem
703 1731 918 1769 Etruriam
955 1730 1131 1769 diversis
1169 1730 1393 1770 itineribus

86 1785 231 1825 urbem
264 1787 437 1839 petiere.
521 1790 558 1827 3.
594 1787 715 1826 Mille
747 1788 968 1839 quingenti
1003 1787 1186 1824 hostium
1218 1787 1259 1824 in
1284 1787 1388 1833 acie,

84 1842 211 1882 multi
233 1847 377 1896 postea
402 1845 615 1896 utrimque
646 1857 694 1882 ex
725 1844 982 1892 vulneribus,
1003 1844 1174 1895 periere.
1236 1842 1386 1880 Multi-

83 1899 180 1952 plex
216 1901 347 1940 caedes
377 1903 589 1954 utrimque
621 1902 732 1940 facta
762 1901 945 1940 traditur
968 1901 1020 1939 ab
1050 1900 1158 1938 aliis.
1219 1902 1259 1939 4.
1284 1899 1388 1951 Ego,

83 1960 363 2010 praeterquam
399 1960 508 2010 quod
543 1958 650 1998 nihil
683 1959 881 1997 haustum
913 1971 963 1997 ex
992 1971 1100 1997 vano
1130 1957 1273 2004 velim,
1306 1956 1388 2008 quo

83 2014 211 2054 nimis
259 2015 467 2054 inclinant
507 2017 638 2055 ferme
679 2016 955 2055 scribentium
995 2015 1142 2061 animi,
1192 2014 1388 2060 Fabium,

79 2071 288 2123 aequalem
309 2073 567 2125 temporibus
589 2073 761 2125 hujusce
788 2072 903 2120 belli,
935 2073 1203 2125 potissimum
1225 2075 1389 2110 auctor-

81 2141 150 2167 em
172 2129 315 2168 habui.
374 2133 412 2169 5.
435 2130 665 2178 Hannibal,
687 2131 948 2182 captivorum
970 2131 1039 2182 qui
1058 2128 1201 2167 Latini
1222 2129 1390 2167 nomin-

84 2185 120 2222 is
161 2186 313 2234 essent,
349 2184 439 2223 sine
480 2184 615 2236 pretio
657 2184 854 2231 dimissis,
896 2183 1097 2222 Romanis
1146 2184 1190 2222 in
1227 2183 1396 2224 vincula

81 2241 209 2290 datis,
222 2244 441 2294 segregata
456 2254 504 2280 ex
519 2241 706 2280 hostium
723 2243 1059 2280 coacervatorum
1077 2240 1257 2280 cumulis
1278 2254 1397 2295 corp-

81 2312 157 2338 ora
196 2311 364 2338 suorum
395 2311 527 2350 quum
558 2298 726 2351 sepeliri
752 2297 956 2350 jussisset,
988 2297 1189 2337 Flaminii
1231 2311 1397 2352 qnoque

82 2370 234 2410 corpus
253 2356 415 2395 funeris
436 2360 559 2396 causa
589 2360 743 2408 magna
774 2369 871 2395 cum
902 2360 1000 2395 cura
1028 2356 1280 2408 inquisitum
1313 2369 1396 2397 non

82 2413 262 2454 invenit.

169 2474 207 2516 6.
244 2473 389 2512 Romae
409 2471 462 2512 ad
484 2471 670 2525 primum
701 2472 903 2512 nuntium
926 2471 1055 2511 cladis
1082 2470 1171 2524 ejus
1203 2485 1295 2511 cum
1332 2472 1397 2511 in-

712 2547 733 2568 8
753 2540 770 2569 3
