1621 2718
419 221 586 258 LIBER
619 221 758 258 XXII.
814 219 930 258 CAP.
960 220 1077 259 XIX.
1353 222 1404 258 25

92 330 276 385 speculis
311 334 355 370 et
393 330 721 383 propugnaculis
753 330 947 370 adversus
987 329 1171 369 latrones
1207 332 1403 369 utuntur.

99 389 136 430 1⁷.
168 388 274 427 Inde
295 388 446 440 primb,
467 388 700 439 conspectis
721 388 906 426 hostium
929 387 1120 435 navibus,
1148 386 1296 426 datum
1317 387 1403 439 sig-

95 458 199 484 num
237 444 491 484 Hasdrubali
533 448 610 493 est,
643 444 938 497 tumultusque
970 444 1088 496 prins
1123 443 1168 482 in
1209 446 1322 483 terra
1357 447 1403 483 et.

96 503 259 549 castris,
279 503 407 554 quam
428 502 480 541 ad
502 515 616 541 mare
646 505 690 541 et
720 502 773 540 ad
803 515 942 549 naves,
965 504 1030 541 est
1059 504 1190 549 ortus,
1212 499 1403 539 nondum

95 563 172 599 aut
193 559 319 612 pulsu
349 572 561 598 remorum
591 559 855 611 strepituque
886 558 970 597 alio
1000 559 1171 597 nautico
1203 557 1403 597 exaudito

95 620 172 656 aut
204 616 493 668 aperientibus
521 615 694 655 classem
717 616 1039 667 promontoriis3
1078 617 1116 654 8.
1149 628 1281 667 quum
1310 627 1405 666 rep-

96 675 193 713 ente
226 686 366 726 eques,
401 673 509 712 alius
544 686 667 725 super
696 673 829 711 alium
859 673 913 711 ab
944 672 1208 711 Hasdrubale
1239 672 1404 720 missus,

97 743 223 783 vagos
244 731 287 768 in
311 729 435 769 litore
456 730 703 781 quietosque
725 730 771 768 in
792 730 989 768 tentoriis
1010 730 1110 777 suis,
1131 728 1241 767 nihil
1262 729 1405 767 minsis

97 790 223 840 quam
240 788 404 826 hostem
421 790 494 826 aut
508 787 706 839 proelium
720 800 767 825 eo
783 787 851 825 die
865 790 1168 838 exspectantes,
1180 786 1407 825 conscend-

97 858 166 884 ere
199 857 326 883 naves
368 857 541 896 propere
571 848 698 896 atque
730 857 846 883 arma
877 857 1021 895 capere
1045 843 1198 895 jubet:
1231 843 1405 882 classem

97 902 332 941 Romanam
346 901 439 953 jam
460 901 573 940 haud
595 900 741 953 procul
755 905 879 953 portu
893 914 992 940 esse.
1055 902 1093 940 9.
1126 900 1229 939 Haec
1242 900 1406 952 equites

96 959 259 998 dimissi
290 959 445 1011 passim
476 959 753 1011 imperabant.
786 958 886 997 Mox
918 957 1158 997 Hasdrubal
1188 958 1277 1010 ipse
1308 970 1407 996 cum

64 1031 67 1034 ·
98 1017 214 1056 omni
232 1016 421 1055 exercitu
437 1016 594 1063 aderat,
610 1016 807 1068 varioque
829 1016 972 1054 omnia
992 1014 1182 1053 tumultu
1199 1018 1407 1066 strepunt,

99 1073 318 1113 ruentibus
339 1074 384 1112 in
405 1087 529 1112 naves
551 1072 678 1112 simul
699 1073 932 1125 remigibus
962 1072 1271 1124 militibusque,
1293 1072 1404 1123 fugi-

99 1131 264 1170 entium
279 1132 413 1182 magis
435 1143 457 1169 e
478 1134 604 1178 terr-52,
620 1132 748 1181 quam
770 1130 814 1168 in
837 1142 1024 1182 pugnam
1041 1131 1250 1177 euntium,
1265 1129 1405 1168 modo.

103 1190 168 1227 10.
200 1187 387 1226 Vixdum
409 1201 552 1226 omnes
583 1187 922 1234 conscenderant,
945 1199 1078 1239 quum
1098 1186 1188 1235 alii,
1210 1186 1410 1225 resolutis

100 1245 196 1293 oris,
217 1246 263 1283 in
285 1258 455 1283 ancoras
476 1245 739 1292 evehuntur3
780 1244 870 1291 alii,
901 1258 954 1283 ne
985 1244 1087 1296 quid
1119 1247 1277 1291 teneat,
1309 1256 1406 1281 anc-

101 1302 234 1342 oralia
265 1302 487 1348 incidunt3
516 1302 754 1354 raptimque
785 1302 927 1341 omnia
948 1313 1209 1353 praepropere
1230 1300 1408 1353 agendo,

101 1359 290 1399 militum
299 1362 505 1411 apparatu
514 1360 685 1398 nautica
694 1359 931 1398 ministeria
938 1357 1408 1410 impediuntur,trepid-

99 1418 243 1456 atione
263 1420 487 1455 nautarum
508 1430 655 1468 capere
687 1419 731 1455 et
759 1420 904 1468 aptare
935 1429 1052 1455 arma
1082 1414 1205 1454 miles
1235 1414 1410 1467 prohib-

100 1477 207 1514 etur.
263 1476 327 1513 11.
361 1474 418 1512 Et
432 1473 524 1526 jam
547 1474 758 1513 Romanus
780 1486 864 1512 non
884 1472 1250 1526 appropinquabat
1270 1472 1410 1519 modo,

100 1531 173 1571 sed
193 1531 403 1571 direxerat
433 1532 564 1570 etiam
586 1532 631 1570 in
651 1544 838 1583 pugnam
868 1544 1007 1569 naves.
1068 1530 1220 1582 Itaque
1241 1542 1324 1568 non
1356 1529 1413 1568 ab

101 1589 221 1628 hoste
242 1594 287 1628 et
308 1588 457 1641 proelio
479 1590 613 1641 magis
630 1589 766 1636 Poeni,
781 1590 908 1639 quam
922 1591 1086 1627 suomet
1106 1587 1186 1639 ipsi
1203 1586 1411 1635 tumultu,

99 1647 276 1695 turbati,
312 1650 478 1685 tentata
503 1647 642 1685 verius
678 1650 835 1697 pugna,
871 1647 997 1697 quam
1029 1645 1150 1692 inita,
1187 1645 1232 1683 in
1264 1644 1411 1696 fugam

100 1708 344 1743 averterunt
385 1703 570 1742 classem.
636 1705 699 1741 12.
734 1703 788 1742 Et
830 1716 962 1754 quum
997 1701 1158 1740 adversi
1194 1702 1330 1740 amnis
1366 1714 1412 1740 os

101 1761 189 1800 lato
211 1761 373 1812 agmini
395 1765 439 1800 et
459 1764 547 1799 tam
564 1760 712 1799 multis
733 1760 859 1799 simul
881 1759 1146 1799 venientibus
1168 1759 1279 1797 haud
1312 1771 1413 1798 sane

101 1818 301 1857 intrabile
336 1822 456 1866 esset,
482 1819 527 1856 in
561 1817 662 1856 litus
697 1817 851 1869 passim
884 1830 1010 1855 naves
1046 1820 1252 1868 egerunt3
1283 1819 1413 1867 atque

101 1875 177 1914 alii
199 1876 330 1922 vadis,
352 1875 427 1914 alii
448 1875 557 1914 sicco
579 1875 718 1923 litore,
740 1875 918 1927 excepti,
941 1874 1099 1926 partim
1120 1874 1274 1912 armati
1294 1876 1413 1925 part-

102 1933 163 1971 im
199 1933 392 1979 inermes,
432 1933 486 1972 ad
527 1933 778 1971 instructam
814 1945 887 1984 per
921 1931 1025 1970 litus
1065 1931 1200 1970 aciem
1241 1943 1411 1970 suorum

102 1990 333 2042 perfugere.
396 1989 499 2029 Duae
532 1994 672 2028 tamen
703 1991 840 2041 primo
876 2001 1078 2028 concursu
1118 1991 1252 2041 captae
1291 1990 1414 2027 erant

99 2046 275 2087 Punicae
295 2060 434 2096 naves,
456 2050 637 2099 quatuor
658 2060 896 2099 suppressae.

557 2257 822 2298 CHAPTER
853 2258 949 2297 XX.

100 2347 210 2389 Scipio
226 2358 361 2388 pursues
377 2347 433 2378 the
451 2345 681 2386 Carthaginian
707 2345 782 2376 fleat
798 2355 840 2385 up
863 2344 917 2376 tho
933 2345 1056 2376 Iberus.
1103 2345 1260 2386 Capturas
1285 2345 1331 2376 all
1356 2345 1414 2377 the

147 2391 239 2431 ships
255 2391 328 2421 that
344 2401 425 2421 were
442 2394 499 2420 not
515 2400 573 2419 run
590 2390 703 2420 ashore
718 2399 755 2419 or
769 2387 925 2420 disabled.
971 2388 1183 2429 Twenty-five¹
1200 2393 1256 2420 out
1271 2389 1307 2419 os
1323 2389 1412 2429 forty

146 2433 206 2465 fall
222 2434 291 2464 into
309 2433 358 2464 his
375 2432 491 2464 hands.
537 2432 605 2463 The
631 2432 774 2462 Romans
790 2437 927 2462 masters
954 2431 990 2462 of
1010 2431 1066 2462 the
1093 2442 1156 2462 sea.
1208 2431 1315 2472 Scipio
1339 2441 1413 2472 pro·

147 2476 280 2517 ceeding
295 2482 329 2507 to
347 2477 458 2507 Onusa
470 2475 561 2506 takes
577 2474 641 2505 and
670 2474 822 2515 plunders
847 2474 883 2505 it.
930 2474 998 2505 The
1022 2483 1160 2514 country
1177 2474 1303 2505 around
1334 2474 1412 2505 Car-

146 2519 246 2559 thago
272 2520 395 2558 (Nova)
424 2519 450 2549 is
473 2518 539 2549 laid
562 2524 670 2555 waste,
689 2517 752 2548 and
777 2527 863 2548 some
890 2517 1057 2557 buildings
1083 2517 1250 2557 adjoimng
1272 2517 1314 2548 ita
1337 2517 1412 2548 wall

737 2574 761 2601 C
