1621 2718
501 161 671 199 LIBER
706 158 844 198 XXII.
901 160 1018 199 CAP.
1046 161 1172 200 XLV.
1445 165 1493 200 55

627 344 893 385 CHAPTER
924 344 1054 384 XLV.

182 432 351 465 Hannibal
369 432 464 464 sends
481 443 567 463 some
583 432 776 463 Numidians
793 438 826 464 to
841 433 900 464 fall
926 443 965 464 on
983 433 1039 464 tho
1055 432 1305 464 water-carriers
1331 433 1411 463 from
1438 433 1492 463 tho

227 476 327 507 lesser
343 476 468 507 Roman
484 486 586 516 camp.
632 476 700 506 The
722 476 864 506 Romans
889 476 1029 516 wishing
1049 482 1082 506 to
1098 476 1208 506 attack
1234 476 1287 506 the
1309 487 1421 517 enemy
1438 487 1493 506 ure

227 519 406 550 restrained
433 519 477 559 by
492 518 624 555 Paulus,
641 519 712 549 who
729 519 822 549 holds
838 519 1004 550 command
1029 520 1079 549 for
1098 518 1152 550 the
1167 519 1239 559 day.
1287 519 1336 549 On
1355 519 1408 549 the
1431 519 1491 549 sol-

227 561 346 602 lowing
361 561 424 602 day
440 561 553 596 Varro,
572 562 690 601 having
713 561 768 592 the
783 562 960 599 command,
977 572 1098 593 crosses
1114 562 1169 593 the
1195 562 1279 593 river
1294 562 1357 593 and
1387 562 1491 592 draws

227 615 272 646 up
287 604 339 635 his
355 605 456 635 forces
473 604 524 635 for
540 605 758 636 battle—Rc.
777 607 849 636 216.

277 685 311 721 1.
340 683 442 721 DUM
463 681 805 721 altercationibus
837 683 985 731 magis,
1009 683 1136 733 quam
1157 683 1356 731 consiliis,
1379 687 1487 722 tem-

183 753 261 792 pus
292 740 459 789 teritur,
494 738 708 778 Hannibal
739 753 786 777 ex
819 740 922 787 acie,
945 752 1071 792 quam
1103 740 1155 778 ad
1186 739 1371 778 multum
1402 740 1485 779 diei

182 800 378 836 tenuerat
408 798 673 845 instructam,
702 810 832 849 quum
861 797 906 834 in
933 800 1066 835 castra
1097 800 1254 835 ceteras
1285 798 1489 849 reciperet

179 855 335 907 copias,
378 857 416 893 2.
448 854 653 893 Numidas
675 854 727 893 ad
748 854 1003 893 invadendos
1017 867 1067 892 ex
1089 854 1320 893 minoribus
1341 856 1486 893 castris

181 911 465 951 Romanorum
486 914 705 963 aquatores
733 915 848 950 trans
880 910 1036 950 flumen
1067 912 1218 950 mittit.
1282 914 1319 950 3.
1353 911 1485 958 Quam

180 969 444 1009 inconditam
481 969 650 1008 turbam
691 982 822 1021 quum
855 969 1028 1008 vixdum
1070 969 1113 1007 in
1155 970 1291 1021 ripam
1333 970 1485 1022 egressi

175 1026 361 1066 elamore
397 1039 444 1065 ac
485 1026 675 1065 tumultu
715 1026 942 1078 fugassent,
974 1027 1017 1064 in
1053 1027 1278 1065 stationem
1321 1040 1485 1079 quoque

178 1097 255 1135 pro
296 1083 406 1123 vallo
446 1083 625 1123 locatam
670 1089 797 1135 atque
848 1084 956 1135 ipsas
998 1085 1123 1135 prope
1166 1091 1307 1135 portas
1349 1085 1484 1124 evecti

178 1146 291 1180 sunt.
373 1144 412 1179 4.
464 1141 515 1180 Id
565 1155 661 1179 vero
710 1141 933 1192 indignum
981 1142 1132 1189 visum,
1173 1141 1225 1180 ab
1276 1142 1485 1181 tumultu-

176 1199 267 1237 ario
307 1198 464 1237 auxilio
502 1198 592 1250 jam
636 1199 766 1237 etiam
812 1202 945 1236 castra
975 1198 1163 1237 Romana
1203 1199 1377 1246 terreri3
1434 1203 1484 1238 ut

176 1269 226 1294 ea
258 1255 382 1295 modo
415 1269 498 1294 una
530 1269 665 1304 causa,
698 1269 750 1294 ne
800 1255 1012 1307 extemplo
1059 1257 1286 1295 transirent
1325 1256 1482 1295 flumen

173 1313 491 1365 dirigerentque
523 1313 671 1362 aciem,
706 1313 892 1351 tenuerit
927 1312 1148 1361 Romanos,
1179 1313 1289 1365 quod
1321 1327 1483 1354 summa

175 1371 346 1423 imperii
388 1383 436 1409 eo
480 1371 549 1409 die
599 1383 724 1422 penes
775 1369 953 1409 Paulum
1004 1369 1146 1409 fuerit.
1241 1372 1278 1410 5.
1331 1371 1480 1423 Itaque

174 1433 340 1480 postero
362 1427 430 1467 die
451 1427 595 1471 Varro,
616 1429 684 1466 cui
706 1441 790 1467 sors
822 1427 910 1478 ejus
941 1428 1027 1467 diei
1058 1428 1226 1480 imperii
1247 1431 1350 1476 erat,
1371 1429 1480 1468 nibil

171 1485 365 1524 consulto
387 1484 562 1535 collega,
584 1486 752 1537 signum
775 1485 991 1537 proposuit
1011 1485 1320 1538 instructasque
1342 1487 1479 1538 copias

175 1541 334 1582 flumen
354 1542 558 1592 traduxit,
573 1546 772 1594 sequente
787 1542 919 1581 Paulo
936 1556 945 1589 ;
977 1543 1077 1594 quia
1097 1543 1232 1595 magis
1253 1557 1337 1582 non
1353 1544 1478 1595 prob-

170 1613 258 1648 are,
279 1602 407 1652 quam
443 1612 528 1638 non
562 1600 774 1652 adjuvare,
796 1599 1021 1639 consilium
1042 1603 1220 1651 poterat.
1267 1601 1304 1639 6.
1327 1601 1477 1640 Trans-

168 1659 305 1710 gressi
341 1656 497 1697 flumen
533 1670 600 1696 eas
635 1670 813 1709 quoque,
854 1670 956 1709 quas
989 1658 1032 1695 in
1067 1658 1213 1696 castris
1245 1658 1477 1697 minoribus

173 1715 422 1763 habuerant,
444 1715 583 1766 copias
619 1715 703 1753 suis
734 1714 973 1767 adjungunt
1006 1718 1132 1766 atque
1167 1715 1229 1754 ita
1262 1716 1478 1755 instruunt

173 1773 333 1811 aciem:
375 1773 420 1810 in
454 1771 599 1811 dextro
636 1771 868 1810 cornu—id
908 1775 999 1810 crat
1038 1771 1205 1811 flumini
1247 1774 1476 1825 propius—

173 1829 382 1868 Romanos
416 1830 578 1881 equites
618 1829 769 1877 locant,
811 1829 964 1868 deinde
1000 1829 1186 1881 pedites3
1251 1830 1289 1869 7.
1320 1830 1474 1870 laevum

172 1898 302 1925 cornu
323 1888 501 1925 extremi
530 1887 694 1938 equites
715 1887 936 1935 sociorum,
965 1887 1079 1925 intra
1100 1887 1264 1938 pedites
1285 1887 1338 1927 ad
1359 1888 1476 1927 med-

171 1945 260 1983 ium
276 1943 419 1996 juncti
446 1943 684 1996 legionibus
710 1943 923 1992 Romanis,
948 1947 1177 1983 tenuerunt
1195 1960 1204 1992 ;
1221 1943 1474 1996 jaculatores

170 2015 266 2040 cum
289 2002 437 2040 ceteris
457 2001 615 2040 levium
636 2015 847 2040 armorum
868 2001 1039 2040 auxiliis
1061 2003 1198 2054 prima
1218 2003 1328 2041 acies
1349 2002 1473 2041 facta.

171 2061 211 2097 8.
264 2057 460 2099 Consules
511 2071 665 2098 cornua
724 2062 966 2107 tenuerunt,
1028 2058 1251 2097 Terentius
1306 2058 1474 2108 laevum,

169 2115 370 2155 AEmilius
411 2116 634 2163 dextrum3
690 2115 872 2156 Gemino
913 2115 1092 2155 Servilio
1144 2116 1283 2155 media
1333 2128 1476 2169 pugna

167 2173 326 2212 tuenda
347 2173 458 2212 data.
