1621 2718
184 162 239 200 42
487 162 596 199 TITI
632 163 770 199 LIVII
807 160 1199 200 HISTORIAB-UM

188 271 367 311 AEmilio
404 275 580 324 praetore
613 271 741 319 urbis,
778 270 822 310 G.
856 270 1015 323 Pupius
1049 275 1094 310 et
1126 270 1238 311 Caeso
1271 271 1493 319 Quinctius

190 329 469 377 Flamininus,
490 328 623 368 aedem
643 329 689 367 in
710 341 802 366 arce
823 327 1059 367 faciendam
1080 327 1338 368 locaverunt.

281 388 319 426 9.
351 386 416 425 Ab
437 386 584 425 eodem
605 388 780 438 praetore
808 397 859 423 ex
884 386 1050 423 senatus
1077 385 1265 425 consulto
1286 385 1421 425 literae
1441 385 1494 424 ad

190 443 378 482 consules
398 443 548 490 missae,
569 445 632 490 ut,
655 442 688 480 si
709 442 763 480 iis
783 441 1009 489 videretur,
1031 441 1137 480 alter
1157 455 1301 481 eorum
1321 442 1374 481 ad
1396 455 1494 481 con-

190 500 302 539 sules
322 500 520 539 creandos
538 499 719 538 Romam
738 499 899 538 veniret
918 513 927 537 :
960 511 1002 537 se
1031 500 1076 538 in
1107 512 1201 538 eam
1221 499 1348 546 diem,
1370 512 1496 550 quam

192 557 421 610 jussissent,
443 556 615 595 comitia
635 555 884 595 edicturum.
930 557 995 594 10.
1017 555 1082 594 Ad
1103 555 1192 595 haec
1212 569 1237 594 a
1257 555 1496 595 consulibus

193 615 459 666 rescriptum,
493 614 582 652 sine
617 613 872 652 detrimento
908 612 970 651 rei
1002 612 1183 665 publicae
1215 612 1383 652 abscedi
1413 625 1496 651 non

191 684 310 723 posse
325 671 379 709 ab
398 670 519 709 hoste
535 684 546 718 3
578 671 722 722 itaque
743 683 816 722 per
835 671 1090 722 interregem
1112 671 1286 709 comitia
1305 669 1499 709 habenda

194 741 282 767 esse
302 728 458 780 potius,
479 729 608 780 quam
629 726 775 766 consul
805 727 911 766 alter
931 740 956 765 a
975 727 1086 766 bello
1108 730 1364 767 avocaretur.
1430 729 1496 765 11.

194 785 393 824 Patribus
423 786 578 824 rectius
600 785 738 823 visum
770 787 834 823 est
868 784 1119 823 dictatorem
1151 797 1176 823 a
1208 784 1376 823 consule
1412 784 1499 823 diei

194 843 464 881 comitiorum
500 841 787 881 habendorum
827 845 962 880 causa.
1023 841 1173 880 Dictus
1210 841 1258 880 L.
1295 841 1499 880 Veturius

194 899 334 938 Philo.
366 898 438 937 Μ’.
462 898 744 951 Pomponium
764 898 1013 937 Mathonem
1035 899 1286 950 magistrum
1303 898 1498 950 equitum

195 956 316 995 dixit.
382 958 447 995 12.
479 955 540 995 Iis
562 956 667 994 vitio
685 956 834 994 creatis
849 954 1059 1006 jussisque
1081 955 1149 994 die
1170 958 1318 1007 quarto
1336 955 1499 994 decimo

195 1026 236 1052 se
258 1013 510 1065 magistratu
530 1013 739 1059 abdicare,
761 1012 814 1051 ad
834 1013 1124 1064 interregnum
1145 1025 1209 1050 res
1230 1013 1371 1051 rediit.

601 1222 867 1264 CHAPTER
897 1222 1102 1261 XXXIV.

195 1312 264 1343 The
280 1312 418 1343 consuls
435 1311 516 1342 have
531 1311 617 1342 their
632 1310 799 1342 command
815 1310 990 1352 prolonged
1003 1310 1054 1341 for
1065 1310 1202 1341 another
1212 1320 1300 1350 year.
1330 1310 1504 1351 Inter-reyes

239 1354 416 1396 appointed
431 1355 482 1385 for
497 1353 633 1394 holding
655 1354 711 1385 the
727 1354 876 1384 Comitia.
933 1354 968 1384 O.
990 1353 1160 1384 Terentius
1176 1353 1290 1389 Varro,
1307 1363 1326 1383 a
1342 1353 1501 1394 plebeian,

241 1399 333 1428 seeks
348 1397 403 1428 the
420 1396 623 1437 Consulship.
670 1396 849 1437 Supported
865 1397 908 1437 by
923 1396 973 1427 his
989 1396 1150 1432 kinsman,
1169 1395 1207 1430 Q.
1225 1396 1354 1427 Baebius
1378 1396 1503 1426 Heren-

241 1440 323 1477 nius,
340 1451 359 1471 a
374 1440 505 1471 tribune
520 1440 556 1471 of
576 1440 631 1471 the
647 1440 875 1481 people.—13.c.
900 1440 972 1472 217.

289 1520 324 1557 1.
372 1517 628 1558 CONSULIBUS
668 1519 938 1569 prorogatum
978 1517 1024 1555 in
1064 1529 1221 1554 annum
1262 1517 1502 1568 imperium.

199 1575 436 1626 Interreges
469 1574 629 1626 proditi
662 1578 760 1612 sunt
793 1587 817 1612 a
849 1573 1039 1625 patribus
1076 1572 1121 1613 C.
1145 1573 1343 1612 Claudius
1376 1573 1504 1625 Appii

197 1632 311 1671 filius
345 1631 490 1679 Cento,
511 1631 610 1669 inde
641 1631 688 1669 P.
713 1630 927 1671 Cornelius
960 1631 1099 1669 Asina.
1161 1630 1213 1668 In
1249 1630 1338 1682 ejus
1374 1631 1506 1669 inter—

199 1702 326 1741 regno
349 1689 522 1727 comitia
538 1688 683 1727 habita
695 1701 848 1740 magno
865 1689 1094 1726 certamine
1107 1690 1275 1739 patrum
1292 1700 1339 1726 ac
1354 1687 1504 1739 plebis.

202 1749 240 1785 2.
274 1745 318 1785 C.
352 1746 551 1785 Terentio
578 1745 957 1796 Varroni—quem,
979 1745 1042 1784 sui
1074 1745 1239 1797 generis
1274 1745 1504 1793 hominem,

199 1803 337 1855 plebei
370 1803 646 1842 insectatione
676 1802 917 1854 principum
948 1801 1303 1854 popularibusque
1339 1801 1504 1840 artibus

199 1860 487 1907 conciliatum,
509 1860 561 1899 ab
583 1860 631 1907 Q.
654 1860 778 1898 Fabii
809 1859 958 1911 opibus
990 1863 1031 1898 et
1069 1859 1293 1898 dictatorio
1325 1859 1505 1911 imperio

200 1931 395 1956 concusso
417 1917 554 1956 aliena
573 1917 737 1956 invidia
750 1916 1054 1968 splendentem,
1069 1916 1220 1968 vulgus
1234 1920 1277 1955 et
1290 1916 1505 1955 extrahere

201 1975 252 2013 ad
276 1975 538 2013 consulatum
551 1974 968 2025 nitebatur—patres
983 1978 1147 2012 summa
1168 1987 1245 2025 ope
1267 1973 1505 2021 obstabant,

201 2045 254 2071 ne
275 2045 317 2071 se
338 2031 580 2070 insectando
603 2031 683 2070 sibi
706 2031 862 2083 aequari
884 2030 1175 2069 adsuescerent
1196 2031 1400 2069 homines.
1466 2032 1503 2069 3.

202 2089 250 2136 Q.
293 2089 461 2128 Baebius
501 2088 742 2127 Herennius
782 2088 977 2127 tribunus
1016 2087 1164 2140 plebis,
1206 2092 1407 2140 cognatus
1461 2087 1505 2128 C.

202 2147 406 2196 Terentii,
441 2146 704 2185 criminando
738 2158 823 2184 non
860 2149 1051 2184 senatum
1091 2146 1228 2193 modo,
1265 2145 1335 2184 sed
1376 2145 1505 2184 etiam

199 2217 393 2256 augures,
417 2204 529 2256 quod
558 2203 807 2242 dictatorem
834 2203 1143 2254 prohibuissent
1167 2203 1340 2242 comitia
1361 2202 1508 2254 perfic-

203 2275 284 2310 ere,
307 2275 378 2312 per
411 2261 619 2300 invidiam
650 2273 794 2299 eorum
825 2260 1007 2299 favorem
1043 2260 1267 2299 candidato
1300 2273 1372 2299 suo
1409 2272 1509 2298 con-

202 2318 401 2357 ciliabat:
445 2322 485 2357 4.
518 2318 583 2357 Ab
603 2317 845 2357 hominibus
866 2317 1078 2356 nobilibus
1109 2331 1182 2370 per
1203 2317 1359 2357 multos
1380 2329 1507 2355 annos

204 2375 363 2415 bellum
385 2375 670 2428 quaerentibus
693 2374 974 2413 Hannibalem
997 2376 1039 2413 in
1065 2375 1235 2414 Italiam
1250 2375 1506 2421 adductum3

201 2433 255 2472 ab
286 2433 431 2481 isdem,
453 2446 583 2479 Quum
615 2432 817 2471 debellari
847 2433 994 2484 possit,
1015 2433 1159 2471 fraude
1192 2432 1351 2471 bellum
1381 2431 1494 2470 trahi
