1621 2718
488 154 658 193 LIBER
691 155 830 193 XXII.
887 155 1004 194 CAP.
1034 156 1140 194 LXI.
1409 160 1458 195 75

149 264 589 317 armandosque—nec
628 264 914 304 Hannibalem
948 266 1131 305 maxime
1166 265 1341 318 hujusce
1381 268 1460 315 rei,

148 324 200 362 ut
219 321 333 361 fama
353 324 457 370 erat,
477 324 676 374 egentem
697 321 947 375 locupletari
968 322 1181 362 volebant.
1245 324 1284 363 3.
1318 323 1457 370 Quum

148 379 272 419 triste
292 391 550 432 responsum,
565 382 576 401 ‘
590 392 675 418 non
692 379 841 419 redimi
859 379 1072 432 captivos,'
1094 379 1310 419 redditum
1332 390 1456 429 esset,

150 448 363 489 novusque
385 449 508 489 super
524 439 708 476 veterem
729 436 868 476 luctus
881 440 947 476 tot
961 437 1130 489 jactura
1143 437 1303 476 civium
1319 437 1460 489 adjec-

149 496 217 533 tus
237 496 358 542 esset,
378 506 511 546 quum
531 494 697 547 magnis
718 493 887 533 fletibus
903 494 1201 547 questibusque
1224 493 1385 547 legatos
1404 495 1458 534 ad

149 553 315 603 portam
345 551 556 603 prosecuti
588 555 698 590 sunt.
759 554 799 590 4.
828 551 945 591 Unus
972 565 1022 591 ex
1049 552 1101 590 iis
1130 552 1304 591 domum
1334 551 1458 599 abiit,

148 607 260 660 quod
281 607 422 647 fallaci
442 608 585 648 reditu
605 609 649 647 in
670 612 804 648 castra
819 608 916 660 jure
931 608 1114 661 jurando
1133 622 1175 648 se
1197 609 1456 648 exsolvisset.

149 664 269 712 Quod
293 665 368 704 ubi
402 666 594 704 innotuit
620 665 884 717 relatumque
911 666 964 705 ad
993 669 1186 705 senatum
1213 670 1291 714 est,
1314 679 1458 706 omnes

148 726 402 761 censuerunt
441 722 864 775 conprehendendum
909 727 965 770 et,
1005 723 1250 763 custodibus
1289 723 1459 775 publice

147 778 272 827 datis,
292 779 587 819 deducendum
607 779 660 819 ad
681 779 966 819 Hannibalem
987 793 1085 820 esse.

236 838 275 875 5.
307 836 386 876 Est
425 840 469 876 et
508 836 592 876 alia
631 837 682 876 de
723 838 901 889 captivis
942 837 1079 876 fama:
1116 837 1263 877 decem
1299 837 1459 890 primos

88 931 91 933 ,
150 894 338 941 venisse3
375 893 426 933 de
457 895 518 933 eis
545 907 677 947 quum
707 894 952 933 dubitatum
987 896 1031 933 in
1066 898 1214 933 senatu
1241 898 1361 943 esset,
1383 895 1457 934 ad-

150 951 423 990 mitterentur
457 951 503 990 in
542 952 690 991 urbem
730 964 875 1000 necne,
917 953 979 991 ita
1018 952 1218 991 admissos
1259 965 1360 1000 esse,
1401 965 1454 991 ne

149 1011 291 1047 tamen
333 1009 384 1047 iis
425 1013 593 1048 senatus
639 1009 820 1047 daretur.
904 1009 942 1049 6.
994 1009 1262 1048 Morantibus
1304 1009 1457 1048 deinde

150 1065 315 1118 longius
337 1067 526 1105 omnium
546 1079 617 1118 spe
645 1066 748 1105 alios
780 1070 864 1105 tres
898 1067 1069 1118 insuper
1097 1066 1258 1118 legatos
1279 1067 1455 1115 venisse,

148 1122 196 1162 L.
219 1122 487 1163 Scribonium
508 1126 552 1163 et
573 1123 617 1163 C.
633 1123 908 1175 Calpurnium
925 1127 968 1162 et
982 1123 1030 1162 L.
1046 1123 1275 1170 Manlium3
1309 1124 1346 1163 7.
1361 1127 1455 1162 tum

147 1180 319 1219 demum
340 1180 392 1219 ab
414 1184 593 1233 cognato
615 1180 840 1228 Scribonii,
862 1181 1034 1220 tribuno
1055 1180 1204 1233 plebis,
1225 1180 1278 1220 de
1300 1181 1456 1219 redim-

147 1237 268 1278 endis
301 1239 480 1290 captivis
517 1237 699 1277 relatum
733 1251 834 1286 esse,
855 1251 931 1277 nec
957 1239 1164 1277 censuisse
1188 1238 1459 1277 redimendos

146 1299 365 1342 senatum;
397 1298 441 1335 et
470 1308 599 1335 novos
620 1295 782 1348 legatos
810 1300 895 1334 tres
916 1295 968 1335 ad
991 1294 1277 1334 Hannibalem
1298 1299 1455 1334 revert-

145 1352 239 1401 isse,
281 1354 319 1392 8.
354 1353 498 1392 decem
533 1356 693 1392 veteres
733 1353 992 1401 remansisse,
1025 1352 1137 1404 quod
1178 1364 1252 1404 per
1288 1365 1456 1390 causam

145 1410 467 1462 recognoscendi
497 1410 671 1449 nomina
705 1411 968 1462 captivorum
1000 1410 1053 1449 ad
1087 1409 1372 1449 Hannibalem
1404 1423 1454 1448 ex

143 1467 300 1506 itinere
309 1468 483 1520 regressi
501 1467 706 1520 religione
714 1481 800 1506 sese
814 1467 1109 1514 exsolvissent3
1127 1467 1178 1506 de
1187 1467 1240 1505 iis
1251 1466 1454 1505 dedendis

144 1529 300 1577 magna
313 1526 584 1564 contentione
597 1529 740 1564 actum
753 1526 796 1563 in
811 1528 959 1563 senatu
973 1538 1072 1572 esse,
1081 1524 1297 1576 victosque
1311 1524 1455 1576 paucis

144 1582 380 1630 sententiis,
390 1583 463 1635 qui
481 1582 690 1622 dedendos
700 1583 952 1621 censuerint.
987 1583 1024 1620 9.
1040 1580 1238 1621 Ceterum
1252 1581 1456 1633 proximis

145 1639 384 1678 censoribus
416 1640 518 1679 adeo
540 1640 734 1679 omnibus
754 1640 867 1678 notis
888 1639 1220 1691 ignominiisque
1242 1638 1458 1678 confectosv

145 1709 246 1744 esse,
268 1700 318 1735 ut
344 1697 518 1749 quidam
540 1710 683 1736 eorum
711 1700 892 1735 mortem
914 1696 994 1735 sibi
1017 1697 1098 1748 ipsi
1120 1695 1333 1747 extemplo
1356 1709 1452 1734 con-

144 1755 361 1801 sciverint,
391 1755 518 1793 ceteri
552 1767 634 1793 non
664 1754 751 1792 foro
786 1753 921 1793 solum
943 1755 1059 1793 omni
1080 1753 1233 1792 deinde
1254 1753 1358 1801 vita,
1381 1753 1451 1792 sed

143 1824 273 1864 prope
295 1811 388 1850 luce
402 1824 450 1850 ac
463 1811 648 1864 publico,
669 1811 893 1850 caruerint.
935 1813 999 1850 10.
1022 1810 1173 1849 Mirari
1196 1811 1330 1863 magis
1346 1810 1450 1850 adeo

144 1869 378 1921 discrepare
394 1869 506 1907 inter
525 1872 730 1917 auctores,
751 1870 893 1920 quam,
907 1868 1011 1920 quid
1027 1868 1116 1907 veri
1133 1868 1203 1915 sit,
1216 1867 1455 1907 discernere

142 1939 283 1979 queas.

233 1985 297 2023 11.
330 1982 496 2030 Quanto
536 1990 682 2022 autem
720 1983 855 2036 major
895 1997 943 2023 ea
982 1982 1120 2022 clades
1163 1982 1453 2034 superioribus

141 2039 331 2080 cladibus
351 2041 495 2089 fuerit,
509 2040 576 2081 vel
596 2054 644 2081 ea
664 2054 727 2080 res
748 2041 907 2080 indicio
929 2044 1005 2089 est,
1021 2040 1134 2093 quod
1154 2040 1229 2093 qui
1243 2040 1451 2079 sociorum

140 2098 194 2138 ad
214 2111 307 2137 eam
327 2097 442 2137 diem
457 2098 567 2137 firmi
583 2102 801 2146 steterant,
818 2103 912 2137 tum
932 2098 1073 2137 labare
1095 2102 1313 2150 coeperunt
1329 2096 1451 2136 nulla

139 2156 328 2208 profecto
359 2155 444 2195 alia
478 2156 530 2195 de
562 2169 621 2204 re,
641 2157 769 2208 quam
797 2156 909 2208 quod
941 2155 1265 2207 desperaverant
1291 2154 1343 2193 de
1368 2154 1445 2192 im-

138 2214 270 2266 perio.
307 2215 371 2252 12.
388 2212 588 2253 Defecere
605 2216 748 2252 autem
764 2212 816 2252 ad
833 2213 983 2252 Poenos
996 2212 1040 2251 hi
1058 2212 1226 2265 populi:
1243 2210 1453 2259 Atellani,

138 2270 339 2319 Calatini,
360 2270 549 2323 Hirpini,
564 2270 798 2323 Apulorum
814 2283 922 2323 pars,
943 2269 1155 2310 Samnites
1171 2272 1322 2322 praeter
1338 2267 1447 2307 Pen-

136 2331 237 2375 tros,
254 2328 415 2368 Bruttii
436 2341 593 2375 omnes,
615 2327 802 2375 Lucani;
835 2330 898 2367 13.
925 2332 1077 2380 praeter
1104 2327 1178 2366 hos
1206 2325 1446 2366 Surrentini

136 2389 182 2426 et
203 2385 444 2426 Graecorum
466 2386 604 2425 omnis
624 2385 753 2425 ferme
775 2398 860 2432 ora,
881 2385 1116 2433 Tarentini,
1139 2383 1446 2437 Metapontini,

135 2441 428 2484 Crotonienses
440 2443 660 2495 Locrique,
671 2447 714 2482 et
729 2442 934 2496 Cisalpini
949 2455 1091 2482 omnes
1105 2441 1236 2482 Galli.
1273 2443 1337 2480 14.
1355 2440 1448 2479 Nee

753 2518 774 2539 ιι
794 2510 812 2539 2
